3550 5167
1159 506 1319 597 Cap.
1373 505 1483 574 II.
1583 504 1697 575 Ps.
1746 506 1857 573 73.
2477 503 2568 574 57

434 701 584 772 loco
630 700 892 794 insigni,
947 694 1111 795 quid
1160 700 1242 767 sit
1288 698 1669 793 genuinum,
1718 692 1884 792 quid
1925 697 2310 779 insiticium,
2356 696 2572 791 prima

430 818 614 884 frons
663 814 890 883 docet:
959 813 1251 906 spuriam
1290 832 1622 881 monetam
1671 812 1863 881 offert
1909 834 2070 906 grex
2120 810 2313 879 MSS.
2363 810 2572 880 Grae·

431 954 701 1010 corum,
768 927 1052 1023 probam
1110 928 1308 1021 pauci
1380 946 1599 997 testes.
1700 926 1759 994 F
1759 944 2157 1021 requentant
2199 925 2385 993 LXX
2412 1019 2418 1025 ¹
2443 949 2574 1021 per

426 1045 719 1114 Psalmos
767 1034 946 1137 φῶς
996 1061 1063 1112 et
1110 1038 1653 1136 φωτισμόν,
1731 1024 1855 1110 εἐἆ
1916 1065 2258 1136 nunquam
2310 1058 2575 1135 ponunt

426 1160 829 1254 ψαῦσιν,
882 1184 1052 1252 quae
1095 1183 1222 1227 vox
1272 1157 1739 1254 Symmachum
1788 1156 2078 1239 redolet,
2130 1158 2247 1251 qui
2287 1156 2404 1223 Ex.
2451 1156 2570 1239 35,

427 1280 498 1346 7.
551 1272 680 1362 (8.)
727 1270 854 1342 καὶ
911 1266 1155 1364 ἔλαιον
1213 1271 1312 1353 εἰς
1372 1276 1743 1371 φαῦσιν.
1853 1274 2110 1367 Negant
2173 1271 2446 1368 quidem
2503 1288 2572 1342 et

424 1392 728 1485 speciose
775 1408 1018 1484 negant
1063 1409 1290 1458 nostro
1341 1414 1498 1459 aevo
1543 1388 1849 1459 nonnulli
1889 1390 2014 1458 viri
2061 1388 2262 1470 docti,
2285 1413 2394 1494 ⁸ex
2434 1388 2571 1455 sin-

425 1504 598 1598 gulis
649 1504 901 1575 voculis
961 1504 1242 1573 multum
1306 1504 1529 1599 colligi
1593 1529 1792 1600 posse
1843 1507 1914 1573 in
1962 1502 2316 1574 iudicanda
2361 1502 2571 1571 libro-

421 1645 576 1690 rum
623 1639 735 1690 aut
797 1620 1099 1689 locorum
1161 1619 1296 1688 fide
1360 1646 1437 1688 ac
1511 1623 1821 1705 veritate3
1901 1619 2022 1690 sed
2085 1638 2238 1688 sunt
2295 1620 2564 1687 omnino

423 1759 619 1806 voces
666 1736 1167 1830 locutionesque
1216 1729 1905 1830 χαρακτηριστικαί,
1957 1737 2197 1831 quibus
2245 1753 2388 1804 tum
2427 1759 2571 1802 ma-

420 1854 598 1921 xime
645 1850 1080 1945 aliquantum.
1116 1852 1410 1919 tribuere
1468 1876 1819 1946 possumus
1841 1903 1863 1935 ,
1913 1875 2119 1946 quum
2163 1852 2570 1946 perpetuitas

423 1965 751 2061 quaedam
796 1985 865 2035 et
910 1990 1114 2034 nexus
1166 1967 1709 2050 testimoniorum,
1751 1970 2103 2049 rationum,
2152 1981 2569 2059 argumento-

418 2106 575 2150 rum
622 2078 971 2150 accedunt.
1070 2082 1292 2150 Habet
1358 2083 1491 2151 hoe
1537 2084 1609 2150 in
1657 2081 1808 2151 loco
1860 2081 2147 2175 aliquam
2191 2081 2326 2148 vim
2371 2080 2570 2148 etiam

421 2195 756 2266 dissensus
806 2196 887 2262 ab
932 2196 1237 2265 Hebraeo
1248 2248 1270 2280 ‚
1316 2199 1432 2292 qui
1471 2196 1652 2266 haud
1693 2222 1847 2266 raro
1893 2216 1992 2266 est
2038 2194 2399 2291 κριτήριον
2441 2196 2570 2274 τῆς

415 2312 707 2396 Κοινῆς,
770 2329 906 2379 tam
952 2314 1310 2406 genuinae,
1386 2339 1585 2408 quam
1656 2330 2030 2407 corruptae.
2127 2312 2323 2380 Absit
2367 2312 2568 2406 igitur

419 2427 781 2520 φαῦσις
853 2452 1054 2521 quam
1111 2425 1515 2522 longissime.
1612 2429 1837 2496 Nihilo
1890 2425 2101 2496 secius
2165 2429 2238 2495 in
2296 2445 2567 2522 recepta

416 2566 693 2637 prorsus
740 2545 1160 2635 acquiescere
1199 2567 1340 2612 non
1385 2531 1679 2638 possum.
1787 2545 2086 2637 Quintae
2136 2547 2209 2613 in
2249 2542 2564 2638 Hexaplis

417 2658 731 2728 tribuitur
780 2653 1085 2736 σελήνην
1131 2652 1257 2724 καὶ
1298 2639 1501 2736 ἥλιον
1549 2661 1810 2726 inverso
1861 2660 2120 2727 ordine.
2222 2658 2303 2727 Id
2351 2682 2566 2725 meam

416 2768 625 2839 fidem
670 2790 940 2867 superat
961 2821 984 2854 ,
1055 2795 1133 2840 ac
1183 2773 1405 2841 nescio
1455 2798 1541 2840 an
1586 2774 1748 2867 ipsis
1788 2774 1977 2840 LXX
2022 2774 2267 2842 rectius
2315 2773 2567 2840 tribna-

417 2903 548 2969 tur,
601 2887 902 2962 confusis
927 2912 1170 2980 nempe
1209 2889 1384 2956 notis
1434 2886 1946 2983 compendiariis
1973 2881 2054 2955 E'
2097 2906 2164 2956 et
2211 2879 2314 2971 0',
2363 2912 2565 2982 quam

417 3001 873 3070 confusionem
921 3026 959 3068 a
1005 3002 1214 3095 figura
1262 3002 1548 3071 rotunda
1607 3001 1862 3071 litterae
1910 3003 1967 3070 E
2014 3027 2152 3072 non
2199 3003 2563 3100 abhorrere

415 3141 621 3211 supra
659 3118 906 3184 monui.
983 3119 1202 3201 Quare
1249 3140 1387 3186 non
1434 3119 1576 3185 sine
1610 3116 1835 3211 aliqua
1876 3118 2342 3212 probabilitate
2371 3118 2560 3186 LXX

412 3232 899 3325 ,Interpretibus
963 3257 1327 3301 asseremus
1379 3230 1679 3314 σελήνην
1725 3228 1852 3300 καὶ
1898 3224 2131 3319 ἥλιον,
2195 3257 2559 3327 eorumque

413 3348 621 3416 textui
667 3347 999 3417 Hebraico
1058 3368 1233 3424 mmm
1281 3370 1400 3426 τῖ’-ν·
1415 3403 1438 3437 ,
1490 3346 1671 3417 unde
1717 3373 1845 3443 per
1908 3344 2234 3448 σφάλμα
2280 3356 2559 3443 γραφι-

410 3455 543 3529 κὸν
589 3460 757 3531 facta
819 3466 906 3532 sit
968 3463 1167 3536 lectio
1235 3463 1560 3533 hodierna
1618 3487 1794 3539 mmm
1852 3487 2013 3540 mma
2034 3517 2055 3553 ‚
2116 3489 2285 3559 quae
2334 3488 2557 3557 neque

408 3578 486 3646 in
534 3578 862 3664 Hebraica
917 3604 1140 3675 neque
1205 3580 1279 3648 in
1327 3578 1461 3648 ulla
1508 3579 1635 3650 alia
1690 3580 1916 3675 lingua
1969 3584 2121 3649 satis
2180 3603 2556 3649 accommo-

413 3689 568 3758 data
627 3710 727 3760 est
786 3692 1147 3788 elegantiae
1212 3697 1536 3790 poeticae,
1638 3694 1978 3790 Quicquid
2038 3697 2160 3778 sit,
2236 3697 2310 3763 in
2373 3696 2558 3789 ipsos

404 3805 598 3873 LXX
645 3831 785 3876 non
845 3809 1023 3879 cadit
1077 3808 1275 3904 culpa
1331 3811 1747 3893 temeritatis,
1813 3813 2068 3906 quippe
2131 3811 2249 3905 qui
2309 3829 2560 3881 textum

407 3944 602 3988 suum
647 3922 1053 3992 Hebraieum
1094 3949 1133 3993 e
1173 3927 1444 4020 vestigio
1512 3945 1882 4021 sequuntur
1940 3952 2068 4021 per
2114 3945 2326 3995 totum
2369 3925 2558 4024 Psal7

414 4037 674 4110 terium.
774 4038 1387 4134 Quemadmodum,
1454 4061 1529 4110 ut
1556 4124 1562 4130 .
1592 4042 1724 4112 hoe
1786 4066 1918 4111 uno
1983 4062 2161 4125 utar,
2226 4044 2332 4111 Ps.
2373 4045 2455 4125 8,
2505 4045 2556 4113 3

405 4150 567 4216 solis
614 4156 1017 4222 mentionem
1064 4156 1247 4250 apud
1278 4154 1463 4226 LXX
1507 4182 1644 4227 non
1694 4156 1991 4226 videmus
2028 4157 2286 4242 factam,
2336 4183 2549 4252 quan-

409 4268 641 4342 tumvis
688 4270 1112 4348 invitantibus
1159 4271 1315 4343 luna
1365 4293 1431 4346 et
1475 4273 1681 4347 stellis
1704 4326 1726 4360 ,
1775 4275 1864 4352 ita
1890 4275 1975 4352 ,in
2025 4275 2157 4348 hoe
2189 4273 2431 4346 Psalmi
2456 4273 2552 4347 73
