3550 5167
1209 255 1233 292 l

1219 480 1737 572 Pt’olegomena.
2529 485 2572 553 5

309 715 322 722 ’
423 678 635 751 studio
679 683 831 749 satis
886 678 1247 770 cognitam3
1319 697 1383 744 et
1423 679 1708 744 vicissim
1765 679 1837 745 in
1901 677 2297 747 aestimanda
2347 678 2575 748 indole

418 795 529 862 illa
585 793 904 862 iudicium
967 775 1049 857 ad
1099 793 1431 862 honorum
1483 795 1743 863 testium
1809 797 2261 862 auctoritatem
2331 795 2575 889 diriga-

417 934 596 994 mus-3

2150 1022 2428 1090 alterius
2477 1032 2574 1092 sic

802 1136 1023 1204 altera
1063 1141 1283 1227 poscit
1328 1159 1519 1227 opem
1562 1160 1712 1212 res,
1763 1115 1832 1202 et
1883 1142 2197 1204 coniurat
2245 1144 2475 1208 amice.

609 1250 760 1318 Non
809 1253 1081 1343 ignore,
1129 1276 1249 1318 nos
1301 1252 1390 1322 ita
1441 1249 1697 1343 agendo
1735 1252 1805 1317 in
1846 1253 2079 1317 orbem
2119 1253 2369 1318 redire:
2427 1256 2575 1346 quis

413 1370 589 1436 enim
638 1391 684 1430 a
725 1369 977 1457 priori,
1033 1385 1103 1432 ut
1153 1364 1414 1444 dicunt,
1467 1368 1659 1447 sciat,
1711 1363 1878 1458 quid
1918 1384 2065 1431 ante
2097 1367 2217 1433 hos
2254 1368 2355 1433 his
2390 1366 2575 1434 mil-le

415 1505 618 1549 annos
669 1479 866 1547 alicui
916 1481 1228 1572 scriptori
1245 1478 1697 1548 Alexandrino
1743 1465 2123 1572 placuerit?
2175 1482 2323 1572 quis
2371 1478 2457 1547 de
2495 1506 2575 1549 eo

413 1597 801 1664 sententiam
869 1593 1039 1661 serat
1099 1594 1352 1687 absque
1411 1596 1797 1661 testimoniis
1821 1644 1842 1675 ,
1909 1621 1945 1659 a
2009 1617 2294 1687 quorum
2363 1592 2575 1661 docu-

406 1729 631 1780 mento
688 1707 957 1780 tandem
981 1718 990 1792 2
1016 1708 1317 1802 pendent
1378 1707 1631 1801 singula
1687 1727 1752 1774 et
1818 1705 2086 1787 (iuncta,
2160 1710 2445 1776 maxima
2509 1726 2575 1778 et

407 1803 723 1900 minima?
800 1820 938 1890 Sed
987 1820 1100 1888 ille
1154 1822 1368 1903 orbiS,
1431 1824 1502 1888 in
1565 1823 2113 1914 quem’traetatio
2177 1822 2571 1904 revolvitur,

406 1940 816 2005 necessarius
869 1954 934 2004 et
981 1925 1373 2003 inevitabilis
1427 1954 1557 2017 est,
1619 1960 1745 2001 nee
1798 1934 1936 2002 ullo
1999 1934 2205 2003 modo
2266 1937 2572 2015 vitiosus,

406 2055 463 2118 si
511 2071 883 2130 teneamus»,
949 2048 1141 2133 nihil,
1166 2048 1349 2116 aliud
1412 2050 1524 2116 hic
1570 2051 1904 2143 proponi,
1970 2048 2272 2131 suaderi,
2338 2067 2570 2141 postu-

405 2164 573 2247 lari,
627 2191 824 2258 quam
874 2165 1040 2245 hoe,
1103 2182 1176 2231 ut
1217 2167 1480 2231 testium
1527 2188 1723 2231 voces
1772 2162 2077 2230 dissonae
2130 2162 2217 2228 ad
2266 2185 2568 2229 normam

407 2283 748 2373 exigantur
795 2303 1090 2346 summae
1142 2295 1213 2346 et
1255 2294 1624 2372 perpetuae
1676 2282 2147 2344 consensionis
2197 2275 2570 2343 eorundem

405 2400 675 2462 testium
725 2398 799 2460 in
847 2394 1137 2487 reliquis.
1217 2394 1327 2461 Fit
1374 2392 1490 2460 ille
1541 2394 1721 2461 orbis
1761 2411 1903 2460 tum
1957 2392 2225 2459 demum
2276 2393 2567 2470 vitiosuS,

405 2513 462 2577 si
508 2510 669 2577 libri
738 2512 974 2576 vetusti
1033 2534 1185 2601 pars
1254 2511 1463 2574 maior
1528 2508 1634 2575 vel
1706 2527 1885 2574 certe
1952 2506 2227 2573 dimidia
2291 2530 2573 2597 corrup-

404 2624 551 2693 telis
616 2623 786 2693 adeo
859 2641 1063 2690 scatet
1096 2673 1115 2703 ‚
1204 2638 1278 2688 ut
1336 2647 1552 2716 paene
1623 2624 1965 2715 ignoretur
1994 2672 2016 2703 ,
2112 2620 2278 2714 quid
2350 2621 2421 2685 in
2484 2643 2564 2685 eo

401 2764 635 2807 sanum
696 2740 929 2805 haberi
1000 2739 1211 2830 possit
1236 2786 1258 2818 ,
1326 2735 1496 2829 quid
1557 2735 1993 2844 depravatum
2043 2736 2397 2802 existimari
2446 2732 2565 2798 de·-
2609 2722 2613 2729 ’

400 2854 589 2934 beat,
667 2851 834 2945 quid
899 2853 981 2918 ab
1047 2854 1192 2943 ipsa
1256 2851 1597 2943 scriptoris
1659 2875 1861 2917 manu
1910 2849 2321 2942 profectum,
2398 2843 2563 2939 quid

401 2947 495 3036 ab'
538 2964 680 3034 aliis
727 2964 1239 3059 interpolatum,
1293 2967 1638 3047 omissum,
1703 2967 2081 3043 traiectum,
2154 2985 2560 3053 perversum.

399 3080 600 3164 Quod
665 3081 783 3148 ubi
851 3078 1136 3162 accidit,
1214 3079 1682 3171 dissensusque
1738 3080 1959 3146 maior·
2017 3095 2083 3144 et
2147 3077 2399 3168 potior.
2426 3093 2562 3155 est,

402 3220 601 3288 quam
653 3187 1041 3281 consensus3
1088 3194 1345 3262 nullum
1395 3219 1707 3276 acumen,
1781 3192 1977 3259 nulla.
2012 3192 2322 3283 sagacitas
2360 3185 2562 3256 'eruet

397 3308 508 3390 id,
563 3309 750 3401 quod
797 3312 868 3377 in
917 3313 1239 3404 scriptore
1290 3329 1388 3378 est
1432 3311 1815 3402 proprium,
1864 3309 2154 3401 privum,
2190 3303 2560 3397 peculiare,

395 3425 623 3505 brevi,
693 3420 787 3498 τὸ
854 3420 1541 3521 χαρακτηριστικόν.
1672 3423 1811 3518 Sed
1876 3421 2110 3490 sufficit
2176 3421 2342 3487 haee
2410 3419 2561 3484 teti-

398 3541 614 3629 gisse:
682 3565 834 3608 nam
884 3539 1014 3619 illi,
1084 3543 1320 3632 quibus
1374 3541 1545 3606 hanc
1609 3538 2040 3631 scriptionem
2096 3559 2326 3628 ‘meam
2394 3554 2557 3626 pro-

392 3658 554 3723 bare
608 3657 844 3746 cupio,
913 3652 1103 3720 facile
1182 3656 1500 3720 carebunt
1559 3651 1772 3745 longis
1833 3651 2244 3718 sermonibus
2297 3646 2383 3713 de
2448 3670 2556 3711 ra-

395 3772 588 3860 tione*
636 3766 1255 3860 interrogandomm
1320 3768 1582 3839 testium
1632 3784 1697 3834 et
1744 3781 1926 3834 recte
1986 3759 2387 3832 instituenda
2439 3786 2556 3826 ex·-

393 3883 768 3977 ploratione
820 3884 1064 3950 critica.
1164 3882 1306 3958 Neo
1369 3900 1464 3952 est
1519 3865 1713 3951 huius
1777 3879 1911 3948 loci
1970 3896 2080 3948 aut
2132 3878 2324 3946 huius
2372 3874 2552 3959 diei,

393 4017 467 4064 ut
506 3998 857 4077 doceatur,
925 3996 1264 4089 quomodo
1309 3996 1662 4089 et·=quibus
1718 3994 2129 4060 cautionibus
2190 3993 2552 4058 restrictio-

390 4113 669 4182 nibusve
730 4132 1085 4207 praccepta
1136 4112 1463 4205 generalia
1519 4112 1782 4198 criticae
1828 4111 1981 4174 artis
2044 4105 2127 4172 ad
2192 4105 2551 4172 emendan-

397 4215 519 4294 dos
569 4228 752 4298 LXX
811 4215 968 4297 ‘Intt
1036 4225 1339 4296 adhiberi
1410 4226 1725 4299 debeant:
1795 4219 1987 4293 ut‘in
2046 4240 2149 4301 tot,
2192 4221 2332 4294 aliis
2364 4271 2386 4304 ,
2458 4223 2546 4288 ita
