3550 5167
985 479 1003 498 ’
1096 525 1422 633 cap.11.
1522 528 1638 599 Ps.
1684 527 1798 596 95.
1904 556 1914 570 ·
2260 551 2269 562 ·
2444 534 2533 603 65

381 727 733 808 contraxit,
788 720 1306 830 emaculan‘dum·
1339 741 1588 793 textum
1636 727 1926 817 universi
1976 730 2279 820 corporis
2330 728 2578 800 libro--

374 868 518 915 rum
572 864 912 917 sacrorum
970 863 1109 906 non
1173 858 1428 907 tantum
1488 858 1586 909 tot
1652 859 1904 909 vetusta
1968 864 2393 912 monumenta
2457 873 2533 912 ac

375 958 780 1050 testimonia,
828 969 1060 1025 verum
1112 957 1308 1024 etiam
1356 971 1765 1025 vetustorum
1813 976 2395 1025 monumentorum
2443 978 2541 1029 te-

374 1074 967 1165 stimoniorumque
1023 1087 1124 1138 tot
1174 1094 1253 1137 ac
1311 1088 1445 1138 tam
1504 1074 1680 1140 varia
1741 1096 1986 1165 genera
2038 1073 2234 1141 variis
2279 1093 2581 1143 exarata
2684 1100 2686 1103 ’

372 1190 627 1281 linguis.
659 1205 727 1256 et
769 1210 899 1281 per
942 1183 1199 1254 dissitas
1247 1183 1665 1280 promulgata
1712 1188 2020 1280 regiones
2071 1186 2158 1275 ad
2206 1187 2389 1256 hunc
2432 1215 2542 1256 us-

372 1330 508 1398 que
559 1301 742 1371 diem
812 1291 1162 1395 superesse
1225 1299 1465 1383 voluit,
1537 1319 1613 1369 ut
1683 1299 1872 1395 quod
1928 1301 2011 1367 ab
2062 1325 2194 1368 una
2245 1304 2543 1373 testimo-

371 1423 638 1489 niorum
698 1417 905 1486 classe
967 1414 1457 1501 dissimulatur,
1539 1418 1984 1510 pervertitur,
2069 1417 2356 1486 obscure
2431 1438 2541 1487 aut

371 1535 760 1629 perturbate
826 1531 1231 1626 significatur
1256 1581 1278 1613 ,
1343 1532 1427 1597 ab
1483 1527 1637 1599 ‘aliis
1690 1531 2076 1626 planissime
2146 1551 2212 1601 et
2241 1537 2541 1630 ‘apertis-
2634 1589 2637 1594 .

373 1650 538 1717 sime
584 1648 958 1731 indicetur,
1034 1647 1369 1740 nobisque„
1422 1644 1511 1714 ad
1574 1646 1977 1714 evidentiam
2036 1647 2536 1743 persuadeatur.

372 1764 653 1834 Deinde*
688 1767 883 1833 etiam
906 1815 930 1845 ,
992 1786 1128 1856 quo
1180 1779 1497 1855 appareat
1523 1783 1558 1845 ,¹
1621 1760 1791 1856 qaid
1836 1759 2097 1827 distent
2145 1786 2316 1837 aera
2366 1764 2538 1855 lupi-

375 1885 524 1958 nis,
585 1877 1156 1975 quemadmodum
1219 1876 1520 1971 loquitur
1567 1876 1621 1943 Ι.
1667 1875 1750 1966 A.
1804 1876 2153 1945 Fabricius
2201 1878 2276 1944 in
2322 1879 2540 1950 Praef.

376 1994 548 2064 Cod.
599 1993 1032 2088 Pseudepigr.
1083 1995 1166 2062 V.
1214 1994 1295 2059 Τ.
1325 1993 1478 2060 boc
1530 2009 1650 2073 est,
1701 2016 1836 2085 quo
1889 1992 2319 2076 observetur,
2367 2016 2541 2064 non-

372 2109 590 2178 nullas
637 2108 996 2203 particulas
1048 2110 1217 2175 sacri
1266 2125 1479 2176 textus
1525 2107 1848 2176 ,insiticias
1902 2124 1969 2175 et
2016 2107 2274 2200 spurias
2326 2109 2544 2175 statim

374 2226 593 2318 prima
663 2227 879 2292 fronte
945 2223 1250 2292 indolem
1315 2248 1500 2291 suam
1566 2217 1894 2316 prodere,
1971 2244 2101 2292 nec
2152 2231 2332 2315 ‘opus
2401 2248 2543 2291 esse
2614 2205 2619 2209 ⁶

375 2338 575 2433 longa
628 2323 1151 2407 deliberatione:
1202 2363 1374 2433 quae
1421 2362 1531 2406 res
1572 2360 1694 2405 nos
1735 2332 1960 2405 cautos
2004 2335 2294 2406 reddere
2338 2337 2546 2405 debet
2661 2420 2666 2427 ἡ

376 2456 447 2521 in
497 2457 579 2521 iis
629 2453 1129 2537 additamenti5‚
1206 2479 1378 2547 quae
1431 2477 1570 2521 non
1612 2452 1813 2549 facile
1867 2454 2174 2522 oriuntur
2226 2476 2323 2521 ex·
2358 2478 2546 2521 cere-
2624 2497 2633 2504 ·

375 2569 506 2648 bro
554 2565 1099 2659 interpolantium
1145 2566 1604 2649 librariorum,
1657 2566 1781 2634 sed
1829 2594 1867 2634 a
1912 2569 2108 2638 bonis
2159 2586 2226 2635 et
2268 2569 2547 2635 sinceris

378 2682 656 2750 testibus
726 2680 1030 2776 profecta
1092 2678 1360 2774 longam
1408 2699 1476 2750 et
1543 2680 1935 2774 diligentem
1998 2678 2549 2750 consultationem

379 2799 782 2890 requirunt..
851 2796 1169 2863 Ceterum
1226 2819 1363 2863 uno
1428 2793 1756 2864 eiusmodi
1816 2793 2389 2889 interpolamento⁵
2440 2798 2546 2863 ni-

380 2909 479 2978 hil
529 2909 884 3003 derogatur
930 2910 1211 2978 bonitati
1258 2907 1529 2978 Codicis
1577 2911 1830 2980 Veron.
1884 2911 2004 3003 qui
2051 2908 2210 2977 licet
2258 2935 2395 2976 non
2436 2936 2548 2977 ex-

383 3051 527 3096 sors
593 3024 994 3094 mendorum
1055 3024 1237 3093 haud
1309 3024 1513 3092 dubie
1575 3025 1766 3110 fluxit
1824 3050 1906 3093 ex
1952 3043 2317 3120 prototypo
2368 3026 2545 3096 libro

381 3141 686 3211 Vaticani
748 3160 858 3209 aut
912 3138 1354 3208 Alexandrini
1417 3138 1789 3221 simillimo,
1862 3141 2047 3208 cuius
2096 3142 2236 3221 rei,
2301 3159 2375 3208 ut
2422 3140 2548 3207 alia

384 3275 638 3324 taceam
703 3254 850 3325 leve
912 3253 1188 3350 quidem
1247 3253 1368 3322 sed
1412 3274 1668 3323 certum
1715 3252 2044 3323 indicium
2093 3244 2550 3349 deprehendi-

385 3391 530 3454 tur,
604 3371 821 3439 sicubi
882 3370 1161 3465 legimus
1206 3368 1712 3438 TUPODEMA
1771 3367 1948 3437 male
1999 3353 2242 3439 iunctis
2290 3373 2373 3438 ab
2418 3374 2547 3437 im-

307 3517 311 3520 *
386 3490 604 3579 perito
649 3485 919 3554 librario
950 3485 1222 3559 Graecis
1275 3486 1617 3556 elementis
1668 3507 1759 3554 το
1807 3476 2150 3578 υποδημα
2180 3481 2280 3578 ’*).
2385 3485 2551 3556 Satis

388 3625 723 3700 superque
777 3601 860 3670 de
909 3599 1111 3695 ligno.
1200 3632 1203 3637 ·

718 3822 960 3833 *m*

449 3952 508 4021 ¹⁸¹)
545 3953 779 4009 Fallitur
840 3953 1018 4008 Iacob.
1062 3956 1287 4009 Pax-sons
1327 3955 1387 4009 in
1418 3955 1647 4008 praefat.
1698 3955 1769 4005 ad
1831 3953 2033 4007 librum
2086 3950 2415 4042 Psalmofum
2454 3950 2586 4020 ubl·

596 4041 665 4093 de
714 4042 1025 4095 desiderata
1076 4045 1375 4096 collatione
1436 4043 1687 4094 Vaticani
1752 4058 1884 4111 ¹²09
1937 4041 2228 4110 loquitur,
2295 4038 2552 4088 damnum

600 4129 704 4181 hoc
737 4131 979 4200 suppleri
1032 4147 1193 4199 posse
1239 4130 1554 4181 existimans
1608 4145 1676 4180 ex
1711 4124 1996 4179 mam-hini
2034 4126 2193 4179 Notis
2234 4119 2312 4176 acl
2341 4125 2554 4176 Psalle·

598 4218 677 4269 rii
713 4214 951 4287 duplicis
980 4215 1232 4271 codicem
1255 4218 1630 4270 Veronensem.
1699 4212 2030 4266 Blanchinus
2077 4211 2401 4262 Vaticanum
2439 4209 2553 4260 MS.

575 4317 728 4355 ·sane
763 4306 1040 4374 cognitum
1078 4303 1309 4369 habuit,
1369 4311 1430 4357 ut
1463 4302 1627 4355 docet
1662 4300 1944 4371 specimen
1982 4298 2376 4368 (Fac-simile)
2416 4296 2550 4347 Vin-

2120 4393 2160 4456 5
