3550 5167
1298 510 1686 579 Paradisus.
2475 514 2560 582 31

418 714 627 780 mines
677 710 1053 800 bestiasque
1105 729 1413 800 gravans,
1456 704 1576 774 vel
1617 707 2038 774 tenuissimus
2087 709 2304 776 omnia
2343 712 2568 779 nescio

421 827 659 920 quibus
709 842 819 893 aut
867 820 1172 916 qualibus
1222 818 1510 914 implens
1560 819 1919 905 odoribus,
1970 845 2172 915 quam
2201 801 2379 890 belle
2405 847 2572 892 eon-

413 943 595 1032 yenit
633 937 988 1019 Paradiso,
1046 939 1116 1002 in
1185 958 1319 1028 quo
1381 936 1738 1018 serenitas,
1791 938 1865 1001 in
1928 960 2061 1029 quo
2125 946 2238 1003 a‘e‘r
2297 937 2571 1032 caligine

411 1074 728 1150 purgatus
793 1071 859 1122 et
920 1052 1278 1146 perspicue
1318 1051 1636 1120 sincerus
1683 1074 1825 1119 esse
1868 1049 2147 1119 debuit?
2247 1054 2574 1137 Quantum

412 1175 497 1240 ab
564 1196 644 1240 eo
695 1168 940 1238 distant
985 1168 1162 1236 horti
1207 1160 1521 1241 Alcinoi,
1590 1188 1728 1234 non
1787 1183 2041 1234 tantum
2101 1167 2280 1236 vario
2331 1191 2570 1259 genere

411 1310 766 1407 pomorum
804 1285 1107 1353 instructi
1155 1282 1701 1362 lectissimorum,
1747 1299 1824 1349 ιιι
1862 1300 1964 1348 est
2011 1281 2143 1350 Od.
2173 1282 2571 1369 V11‚120·

504 1382 728 1497 ὄγχνη
777 1397 892 1469 ἐπ’
936 1392 1161 1495 ὄγχνη
1205 1393 1605 1492 ynpdtrxet3
1641 1386 1872 1484 μῆλον
1923 1388 2000 1463 δ’
2041 1392 2161 1463 ἐπὶ
2211 1393 2453 1489 μήλῳ,

508 1514 749 1613 αὐτὰρ
799 1512 919 1585 ἐπὶ
970 1511 1326 1609 σταφυλῇ
1376 1509 1729 1606 σταφυλή
1748 1561 1772 1597 ,
1824 1503 2044 1582 σῦκον
2096 1502 2166 1580 δ’
2209 1509 2328 1581 ἐπὶ
2367 1510 2578 1606 σύκῳ.

409 1649 529 1719 sed
580 1668 647 1718 et
684 1648 1021 1717 Fontibus
1068 1648 1320 1728 orn'ati,
1369 1664 1445 1713 ut
1493 1663 1591 1711 est
1640 1644 1772 1712 Od.
1824 1646 1982 1729 VII,
2038 1645 2181 1717 129
2230 1671 2413 1741 sqq-2

503 1758 708 1833 evfid
754 1754 927 1830 δύω
977 1762 1330 1857 κρῆναι,
1379 1759 1422 1838 ἡ
1470 1759 1604 1847 μὲν
1656 1759 1729 1827 τ’
1779 1756 1926 1829 ἀνὰ
1966 1761 2189 1839 κῆπον
2238 1753 2542 1832 ἅπαντα

508 1872 910 1949 σκίδναται
925 1928 950 1963 ,
998 1876 1065 1957 ἡ.
1094 1867 1162 1942 δ’
1212 1872 1562 1969 ἑτέρωθεν
1607 1869 1732 1943 ὑπ’
1783 1867 2004 1954 αὐλῆς
2044 1867 2269 1943 οὐδὸν
2316 1868 2514 1957 ἵησιν

500 1991 678 2090 πρὸς
726 1986 958 2085 δόμον
996 1987 1281 2081 ὑψηλὸν
1296 2044 1317 2079 ,
1366 1981 1540 2060 ὅθεν
1581 1978 1979 2088 ὑδρεύοντο
2028 1989 2366 2067 πολῖται.

599 2129 788 2199 Sicut
831 2127 1121 2230 Alcinoi*
1160 2126 1404 2208 hortis,
1471 2127 1562 2192 ita
1626 2143 1693 2193 et
1741 2124 2120 2228 Cyclopum
2174 2142 2391 2194 terrae
2439 2150 2575 2196 non

403 2243 761 2315 defuerunt
810 2246 913 2312 sui
960 2243 1250 2325 Fontes3
1302 2239 1435 2309 od.
1488 2240 1610 2324 IX,
1667 2236 1843 2310 140:

553 2370 795 2471 αὐτάρ
844 2370 967 2444 ἐπὶ
1007 2367 1276 2469 κρατὸς
1326 2369 1613 2464 λιμένος
1661 2368 1809 2467 ῥέει
1852 2367 2133 2462 ἀγλαὸν
2180 2361 2401 2469 ὕδωρ,

544 2490 816 2586 κρήνη
865 2484 1012 2557 ὑπὸ
1061 2485 1352 2569 σπείους
1398 2487 1554 2602 κτλ.

401 2622 575 2691 adde
638 2597 1144 2717 Leestrigonum
1208 2599 1541 2718 κρήνην
1608 2607 2128 2718 καλλιρέεθρον
2195 2616 2578 2718 Ἀρτακίην

402 2739 534 2807 Od.
584 2739 685 2820 X,
745 2743 902 2809 107.
960 2740 1115 2810 108.
1182 2727 1344 2806 item
1404 2738 1691 2831 κρήνην,
1772 2740 1881 2805 cui
1942 2762 2190 2806 nomen
2228 2735 2579 2807 Arethusa

401 2853 533 2921 Od.
580 2853 780 2935 XIII,
814 2851 982 2935 408,
1030 2874 1172 2922 tum
1220 2853 1474 2949 κρήνην
1520 2852 1826 2938 τυκτήν,
1875 2846 2265 2947 καλλίροον
2313 2903 2331 2920 .
2373 2904 2396 2927 .
2445 2849 2575 2933 τήν

400 2961 646 3048 ποίησ’
684 2959 983 3045 Ἴθακος
1024 2970 1114 3035 ib.
1143 2968 1371 3049 XVII,
1425 2969 1565 3039 205
1597 2995 1770 3062 sqq„
1821 2993 1952 3035 nee
2000 2992 2139 3035 non
2165 2973 2419 3064 κρήνην
2448 2989 2572 3058 με-

402 3078 762 3180 λάνυδρον
810 3084 982 3166 XX,
1041 3079 1198 3152 154.
1257 3085 1417 3165 158,
1483 3083 1889 3177 tandemque
1960 3084 2017 3149 si
2083 3082 2308 3178 placet
2353 3084 2579 3158 locum

401 3200 590 3268 Iliad.
637 3201 869 3284 XXII,
924 3195 1060 3270 147
1105 3224 1253 3294 sqq.

1577 3307 1763 3384 ἔνθα
1812 3307 1894 3383 δὲ
1937 3310 2209 3405 πηγαὶ
2327 3365 2332 3374 .

601 3423 647 3501 δ
669 3453 709 3499 ο
729 3453 758 3498 ι
777 3427 870 3497 αὶ
910 3424 1368 3504 ἀναΐσσουσι
1405 3423 1892 3527 Σκαμάνδρου
1944 3420 2326 3510 δινήεντος.

402 3563 578 3629 Num
622 3564 830 3657 prisci
877 3564 1168 3632 Hebraei
1217 3567 1405 3660 aquis
1456 3564 1740 3634 fontanis
1791 3583 2046 3633 tantum
2091 3564 2385 3657 pretium
2434 3586 2571 3631 non

403 3695 804 3760 statuerunt,
845 3698 1161 3772 quantum
1212 3682 1385 3749 casei
1416 3679 1517 3749 illi
1558 3680 1802 3750 Graeci
1841 3679 2231 3750 Homerici?
2331 3678 2569 3770 Nonne

402 3811 470 3862 et
519 3794 1051 3863 Christianorum
1087 3795 1438 3865 Paradisus
1481 3821 1634 3867 suos
1684 3798 1932 3867 Fontes
1980 3797 2220 3877 habet,
2289 3792 2566 3888 Apocal.

538 4049 694 4094 neret
727 4043 844 4098 Nec
876 4059 1047 4115 vapor
1079 4038 1444 4106 ascendebat,
1483 4040 1698 4112 fuitque
1738 4043 1798 4094 in
1820 4040 2047 4094 eandem
2068 4043 2568 4114 interpretationem

538 4144 841 4199 propensus
881 4130 1146 4193 Grotius,
1195 4127 1516 4182 obzervante
1556 4127 1923 4197 Houbigantio
1958 4128 2030 4180 ad
2062 4130 2199 4185 Gen.
2237 4145 2300 4196 α,
2335 4131 2388 4183 6.
2456 4129 2568 4182 ΑΙίὶ

538 4214 607 4266 de
646 4216 787 4269 nube
818 4216 1038 4286 gloriae
1071 4214 1407 4288 cogitet-unt,
1462 4231 1604 4285 quae
1651 4222 1709 4266 et
1747 4215 1866 4284 ipsa
1902 4214 1972 4266 ab
2009 4215 2114 4267 hoe
2151 4215 2275 4268 loco
2316 4223 2398 4272 est
2431 4215 2567 4267 alie·

537 4317 773 4358 ntsslma.
