3550 5167
1007 541 1099 611 16
1823 542 1984 612 Gen
2033 546 2103 620 I,
2152 567 2216 636 9.
2278 566 2382 611 11.

959 750 1158 834 ,φων
1210 735 1644 834 ὡβέλισται·
1698 738 1737 806 ὁ
1805 731 1907 807 δὲ
1964 731 2287 833 ὄβελος
2355 738 2876 819 ἀθετήσεως
2931 738 3169 830 σύμ-

998 851 1303 948 βολον.
1404 855 1611 923 Vidcs
1636 907 1656 938 ,
1726 875 2041 948 quantum
2105 858 2347 924 tribuat
2383 855 2655 940 Basilius
2705 858 2909 925 textui
2959 858 3161 925 Hebr.

993 991 1064 1039 et
1111 971 1391 1065 Aquilae
1445 997 1596 1039 cum
1644 970 1919 1064 reliquis
1951 971 2449 1041 translatoribus
2501 973 2826 1065 sequioris
2870 974 3046 1054 aevi,
3098 991 3163 1040 et

996 1087 1263 1182 qualem
1331 1110 1631 1154 normam
1694 1089 1765 1153 in
1835 1085 2208 1155 iudicandis
2283 1084 2744 1181 discrepantiis
2830 1104 3159 1181 sequatur.

888 1277 903 1294 ,
987 1204 1274 1271 Miratur
1322 1200 1439 1269 ille
1486 1204 1560 1269 in
1607 1202 1740 1269 hoc
1792 1220 2114 1287 commate
2149 1197 2750 1295 περισσολογίαν,
2803 1203 2992 1296 quasi
3040 1226 3161 1268 ne·-

988 1318 1223 1402 sciret,
1275 1316 1557 1386 eandem
1600 1317 2067 1385 verbositatem
2102 1343 2309 1411 quum
2359 1316 2519 1385 alibi
2553 1318 2968 1411 saepissime,
3020 1333 3158 1384 tum

984 1434 1381 1525 praesertim
1427 1456 1555 1526 per
1596 1433 1726 1500 hoc
1766 1434 1992 1525 ipsum
2024 1431 2245 1527 Caput
2294 1430 2534 1501 eodem
2581 1430 2786 1501 modo
2833 1431 3155 1499 obtinere.

981 1544 1454 1614 Emendatiora
1504 1545 1809 1640 exempla
1849 1563 2038 1615 vocat
2060 1596 2081 1628 ,
2133 1547 2376 1640 quibus
2417 1546 2757 1640 appositus
2802 1564 2941 1612 erat
2968 1545 3156 1612 Obe-

976 1659 1113 1730 lus:
1163 1647 1636 1755 ὖβελισμένα
1698 1658 1920 1729 eidem
1975 1679 2128 1730 sunt
2194 1662 2522 1755 reprobi-a
2570 1655 2651 1751 ⁴³).
2770 1660 2989 1727 Licuit
3051 1658 3153 1727 illi

977 1775 1273 1845 Obelum
1321 1800 1558 1846 vocare
1611 1775 2132 1857 &2⁸svvffcrsmc
2177 1772 2602 1872 ’σύμβολονε
2651 1775 2847 1844 nobis
2898 1774 3151 1857 licebit,

975 1893 1322 1985 antiquum
1394 1917 1627 1960 aurum
1684 1895 2012 1975 retinere,
2071 1910 2140 1960 et
2191 1886 2655 1984 ὠβελισμένα
2710 1907 2963 1959 tantum
3010 1912 3151 1957 non

982 2007 1201 2073 omnia
1238 2031 1616 2101 reposcere.
1666 2045 1671 2052 ·
2339 2093 2362 2102 οὗ
2659 1991 2678 2018 x

1167 2122 1248 2189 In
1288 2124 1606 2216 proximis
1632 2172 1653 2204 ‚
1718 2139 1794 2189 ut
1852 2123 2094 2190 intacta
2157 2121 2535 2216 relinquam
2582 2121 2864 2203 leviora,
2926 2116 3145 2188 mole·

970 2238 1161 2306 stiam
1207 2257 1434 2306 creant
1481 2263 1570 2306 vs.
1613 2242 1734 2307 11:
1778 2232 2017 2303 κατὰ
2066 2232 2309 2328 γένος
2374 2233 2527 2304 καὶ
2575 2235 2780 2304 καθ’
2826 2229 3144 2324 ὁμοιό-

964 2372 1202 2432 τητα
1232 2354 1525 2446 itemque
1555 2378 1644 2420 vs.
1669 2355 1794 2422 12:
1843 2349 2081 2421 κατὰ
2109 2348 2362 2444 γένος
2394 2352 2551 2419 καὶ
2586 2348 2789 2420 καθ’
2823 2345 3143 2441 ὁμοιό-

964 2488 1230 2551 τητα,
1289 2468 1531 2558 quibus
1580 2468 1941 2561 utrobique
1994 2494 2199 2535 unum
2248 2468 2644 2537 vocabulum
2693 2489 2795 2565 3³⁷³
2852 2491 3138 2561 respon-

962 2582 1098 2649 det.
1197 2582 1504 2649 Dubitari
1565 2605 1706 2650 non
1771 2601 2027 2676 potest,
2093 2585 2258 2676 quin
2319 2582 2517 2653 κατὰ
2576 2582 2773 2678 γένος
2839 2583 3137 2676 εὼὶἰΡείε

960 2694 1157 2765 LXX
1205 2696 1585 2789 profectum
1634 2699 1751 2781 sit,
1803 2700 1859 2766 si
1905 2699 2331 2769 conferantur
2371 2700 2535 2794 Cap.
2583 2707 2657 2784 ,7,
2707 2693 2817 2771 14'
2849 2719 2915 2769 et
2953 2721 3141 2767 com-

962 2812 1164 2906 plura
1217 2799 1555 2881 Geneseo‘s
1625 2812 1809 2881 loca:
1875 2813 1962 2881 de
2024 2816 2243 2882 verbis
2306 2809 2433 2882 καὶ
2493 2813 2661 2884 καθ’
2727 2810 3139 2906 ὁμοιότητα

966 2911 1271 2996 dubitare
1320 2925 1569 2995 licebit.
1675 2927 1931 3014 Quodsi
1980 2947 2176 2997 testes
2220 2933 2698 3014 examinemus,
2750 2957 2825 2998 ea
2860 2929 3134 2997 retineri

953 3044 1181 3136 potius
1251 3042 1595 3112 debebunt
1645 3068 1847 3137 quam
1898 3047 2330 3128 summoveri,
2392 3071 2547 3112 nam
2594 3044 2787 3112 MSS.
2839 3043 3133 3108 Graeco·-

956 3178 1111 3222 rum
1179 3157 1251 3222 in
1298 3157 1403 3223 his
1450 3160 1602 3225 satis
1649 3183 1925 3251 magnus
1982 3182 2342 3227 consensus
2393 3179 2492 3227 est
2552 3156 2709 3251 (nisi
2759 3153 2946 3249 quod
2994 3154 3130 3222 Co-

957 3267 1089 3335 dex
1138 3267 1628 3337 Alexandrinus
1678 3270 1846 3339 locis
1894 3271 2028 3339 illis
2081 3271 2341 3342 duobus
2359 3324 2380 3355 ,
2423 3275 2610 3366 quasi
2639 3271 2941 3339 nondum
2974 3274 3127 3340 satis

947 3402 1227 3472 onerato
1287 3400 1504 3467 textu,
1569 3386 1848 3478 insuper
1922 3388 2255 3455 interiecit
2324 3384 2450 3464 εἰς
2504 3381 2985 3477 ὁμοιότητα),
3058 3404 3124 3454 et

948 3500 1169 3567 Latini
1219 3522 1525 3593 quoque,
1590 3503 1847 3570 tametsi
1889 3526 2042 3570 cum
2091 3502 2313 3596 aliqua
2354 3503 2664 3576 varietate
2682 3553 2703 3585 ‚
2768 3521 3123 3596 utrumque

995 3788 1046 3849 *J
1087 3783 1506 3854 Quantum,sibi
1555 3788 1613 3839 in
1649 3795 1803 3841 textu
1830 3789 1895 3842 N.
1930 3789 1992 3842 T.
2032 3791 2375 3843 ecclesiarum
2412 3790 2714 3861 praepositi
2761 3790 3120 3861 permiserint,

1090 3872 1198 3922 iam
1236 3872 1303 3923 H.
1339 3873 1566 3927 Grotius
1610 3876 1819 3929 notavit
1867 3876 1937 3928 ad
1975 3878 2100 3929 Luc.
2144 3897 2221 3949 19,
2254 3880 2339 3949 41,
2371 3877 2555 3929 allatis
2589 3876 2767 3928 verbis
2803 3876 3117 3946 Epiphanii:

1090 3950 1229 4011 ἀλλὰ
1298 3963 1423 4014 καὶ
1483 3963 1806 4032 ἔπελεευσεο
1846 3972 2026 4019 κεῖται
2076 3966 2140 4022 ἐν
2194 3964 2272 4036 τῷ
2331 3956 2476 4019 κατὰ
2535 3963 2770 4019 Λουκᾶν
2835 3965 2912 4017 ἐν
2967 3977 3041 4014 το
3059 3968 3119 4019 ῖς

1086 4041 1595 4117 &Gnaeo-«itote
1632 4047 2164 4124 ἀντιγράφοις,
2198 4053 2253 4104 h.
2276 4068 2326 4110 e.
2362 4052 2421 4102 in
2452 4050 2607 4102 libris
2639 4067 2853 4102 manum
2876 4048 3116 4100 criticam

1079 4145 1192 4180 non
1230 4135 1481 4201 expertis.
1553 4139 1653 4190 Res
1702 4147 1835 4190 nota
1878 4140 2155 4201 omnibus,
2212 4140 2308 4209 qui
2343 4138 2420 4190 IV
2457 4138 2744 4207 Evangelia
2785 4135 2962 4188 studio
3014 4136 3117 4186 cri-

1081 4217 1191 4268 tico
1227 4226 1554 4275 tractarunt:
1607 4225 1862 4278 nimirum
1900 4225 1929 4280 ὀ
1952 4227 2315 4297 ρθόδοξοι
2367 4225 2669 4298 ἀφείλοντο
2706 4215 2768 4278 τὸ
2806 4216 3004 4293 ῥητὸν,
3044 4221 3111 4272 cf·

1076 4303 1209 4358 Dav.
1248 4305 1442 4360 Schulz
1478 4310 1547 4362 ad
1585 4312 1708 4365 Luc.
1745 4330 1830 4378 22,
1866 4314 1932 4383 43
1971 4316 2028 4368 iu
2067 4331 2204 4372 nova
2241 4313 2378 4368 Edit.
2417 4315 2483 4371 N.
2517 4315 2585 4385 Τ.
2620 4310 3043 4367 Griesbachiani.
