3550 5167
959 495 1051 571 74
1277 537 1282 542 -
1871 500 2034 594 cap.
2081 501 2196 570 11.

946 697 1169 781 bitur,
1241 689 1317 766 ut
1396 693 1883 766 dissensionum
1951 697 2119 766 ratio
2192 695 2555 782 reddatur,
2641 696 2965 768 adiunctis
3031 724 3113 767 ex

949 815 1131 882 vario
1186 838 1429 908 genere
1476 812 1642 882 locis
1686 804 2044 908 parallelis.
2143 815 2326 884 Haec
2378 817 2597 895 omnia
2635 840 2712 883 ea
2758 805 3112 897 brevitaie,

951 955 1152 1024 quam
1219 933 1468 1025 patitur
1535 955 1788 999 summa
1845 925 1955 997 lex
2017 931 2523 1024 perspicuitatis.
2637 931 2866 998 Unum
2926 928 3111 1024 quod

952 1045 1219 1114 edendo
1284 1048 1514 1140 operi,
1598 1069 1737 1116 non
1799 1065 1977 1115 vasto
2041 1045 2316 1140 quidem
2388 1045 2525 1128 illi,
2600 1044 2721 1114 sed
2771 1047 2924 1114 satis
2975 1071 3113 1113 am-

949 1158 1068 1253 plo
1094 1212 1118 1245 ,
1187 1187 1446 1230 moram
1511 1161 1709 1231 facile
1782 1180 1850 1230 et
1914 1161 2467 1257 impedimentum
2539 1161 2789 1229 inferre
2863 1163 3113 1256 possit,

956 1295 1060 1344 est
1122 1295 1499 1372 emptorum
1565 1280 1867 1371 praevisa
1943 1278 2237 1370 paucitas
2267 1325 2289 1358 ‚
2367 1292 2435 1345 et
2487 1275 2649 1343 binc
2707 1273 3113 1372 bibliopola-

955 1417 1107 1460 rum
1159 1395 1623 1488 tergiversatiO.
1721 1394 1786 1460 A
1844 1393 2001 1462 viris
2067 1389 2342 1486 quidem
2408 1390 2661 1475 doctis,
2720 1391 2958 1458 barum
3006 1416 3118 1459 re·-

959 1533 1115 1576 rum
1171 1508 1432 1575 idoneis
1493 1508 2015 1576 aestimatoribus
2073 1507 2590 1602 haudquaquam
2642 1507 2981 1575 dubitatur
3030 1506 3118 1575 de

941 1620 1331 1720 ³studiorum
1406 1622 1685 1690 istorum
1772 1621 1860 1691 ad
1930 1624 2118 1712 Lxx
2197 1625 2636 1717 spectantium
2708 1622 2986 1692 utilitate
3053 1639 3119 1689 et

964 1738 1277 1829 gravitate
1303 1787 1325 1819 ,
1398 1762 1486 1804 ne
1557 1736 1777 1806 dicam
1850 1740 2293 1806 necessitate:
2373 1739 2588 1807 sciun't
2652 1735 2751 1804 illi
2775 1763 2819 1820 ‚·
2871 1761 3118 1831 paucos

960 1871 1107 1919 'esse
1160 1850 1506 1935 homines,
1572 1847 1770 1920 etiam
1837 1853 1922 1920 ab
1981 1854 2231 1947 ingenii
2306 1851 2571 1922 dotibus
2639 1872 2707 1923 et
2778 1852 3120 1922 doctrinae

957 1967 1153 2059 copia
1213 1964 1750 2035 instructissimos
1778 2018 1800 2051 ‚
1883 1970 2001 2063 qui
2073 1968 2398 2036 eiusmodi
2461 1969 2866 2037 Editionem‘
2906 1971 2979 2036 in
3044 1993 3117 2037 se

958 2083 1300 2175 suscipere
1358 2085 1656 2177 possint,
1731 2085 2050 2151 nimirum
2110 2084 2197 2152 ob
2253 2083 2464 2152 libros
2513 2108 2796 2178 operose
2841 2085 3121 2178 conqui-

961 2195 1211 2265 rendos
1276 2215 1343 2265 et
1403 2196 1560 2265 alias
1628 2223 1897 2286 causas;
1959 2200 2311 2292 pauciores
2376 2201 2494 2293 qui
2559 2199 2798 2282 velint,
2858 2199 3122 2292 paucis-

960 2312 1163 2380 simos
1211 2315 1330 2406 qui
1374 2331 1440 2381 et
1484 2317 1745 2407 possint
1795 2333 1862 2383 et
1909 2315 2133 2382 velint.
2231 2315 2338 2382 De
2388 2313 2834 2382 emolumento
2856 2365 2877 2397 ,
2939 2311 3124 2407 quod

960 2451 1045 2493 ex
1114 2430 1301 2494 novis
1377 2426 1800 2497 Editionibus
1863 2428 2052 2498 Lxx
2117 2429 2269 2495 Intt.
2334 2427 2672 2498 redundet
2752 2427 2840 2496 ad
2910 2428 3123 2497 libros

961 2564 1183 2609 saeros
1241 2564 1470 2610 omnes
1532 2541 1640 2611 vel
1697 2544 1905 2638 magis
1947 2542 2293 2640 magisque
2346 2571 2385 2612 a
2434 2544 2696 2613 mendis
2748 2568 3127 2638 expurgan-

963 2651 1088 2723 dos
1160 2655 1268 2730 vel
1343 2674 1527 2724 recte
1600 2659 2137 2754 interpretandos
2211 2656 2317 2728 vel
2392 2658 2481 2727 ad
2552 2651 3130 2754 palaeographiam

965 2795 1369 2866 omnemque
1434 2776 1785 2843 universae
1836 2777 2237 2871 antiquitatis
2281 2772 2582 2843 indolem
2629 2772 3130 2853 aestimandam,

972 2909 1174 2955 nemo
1232 2906 1461 2956 cautus
1503 2900 1964 2984 praepropere
2010 2891 2402 2958 sententiam
2447 2890 2653 2973 feret,
2703 2887 2826 2956 sed
2869 2890 2971 2955 rei
3019 2911 3132 2980 ge-

965 3017 1105 3070 stae
1156 3021 1269 3072 aut
1325 3003 1657 3099 gerendae
1711 3007 2037 3073 rationem
2056 3055 2077 3087 ,
2155 3004 2431 3074 modum
2457 3056 2480 3090 ,
2555 3003 2898 3084 ordinem,
2969 3025 3132 3094 pro-

965 3141 1266 3210 gressum
1290 3169 1312 3201 ,
1363 3122 1611 3188 exitum
1661 3120 2132 3192 considerabit.
2229 3120 2387 3190 Non
2437 3144 2560 3214 ego
2612 3143 2840 3188 omnes
2880 3115 3134 3183 Biblio-

923 3233 1201 3299 ¹thecae
1253 3233 1321 3300 S.
1363 3235 1857 3304 Alexandrinae
1919 3254 2143 3330 partes
2206 3237 2458 3329 pariter
2524 3235 2817 3327 cognitas
2875 3232 3092 3334 babeo
3113 3282 3134 3312 ,

899 3359 900 3362 ’
970 3345 1093 3414 sed
1141 3348 1562 3443 opinionem,
1614 3374 1818 3444 quam
1862 3351 1936 3416 in
1986 3349 2331 3418 tractando
2375 3349 2827 3416 Pentateucho
2875 3347 3134 3415 Graeco

969 3469 1040 3530 et
1090 3466 1415 3557 proximis
1467 3466 1551 3531 ab
1603 3488 1681 3532 eo
1736 3463 1927 3533 libris
1984 3464 2305 3558 paulatim
2360 3457 2641 3547 imbibi,
2711 3464 2974 3533 silentio
3023 3463 3138 3531 hic

972 3582 1417 3647 transmittere
1490 3603 1631 3648 non
1693 3604 2007 3675 possum,
2078 3606 2323 3676 nempe
2384 3582 2712 3648 variarum
2777 3578 3139 3678 lectionum

972 3710 1188 3762 textus
1253 3693 1690 3764 Alexandrini
1722 3787 1725 3792 ,
1760 3714 1896 3765 tam
1974 3698 2376 3791 optimarum
2403 3745 2424 3778 ‚
2495 3695 2738 3789 quibus
2813 3692 3140 3761 laboranti

968 3808 1280 3878 Hebraeo
1324 3810 1784 3893 subveniatur,
1826 3837 2025 3907 quam
2072 3811 2350 3878 aliarum
2391 3808 2521 3878 alio
2569 3810 2839 3878 nomine
2886 3831 3141 3876 memo·

949 3922 1285 3992 ⁴rabilium
1303 3976 1325 4008 ,
1391 3950 1562 4019 quae
1608 3926 1854 4019 partim
1896 3929 2164 4020 iniquae
2214 3926 2551 4009 fortunae,
2619 3927 2864 4017 partim
2915 3945 3141 3991 corre-

973 4040 1179 4107 ctioni
1227 4030 1786 4111 διασκευαστῶν
1843 4041 2255 4126 debeantur,
2327 4041 2667 4135 ingentem
2719 4064 2861 4107 esse
2916 4034 3141 4106 multi-

973 4135 1275 4236 tudinem
1306 4208 1326 4238 ,
1404 4175 1583 4225 certe
1654 4159 2013 4240 maiorem,
2104 4180 2305 4251 quam
2366 4153 2670 4224 credunt
2738 4152 3142 4222 litteraturae

975 4270 1341 4339 Hebraicae
1393 4272 1715 4356 cultores,
1785 4272 2055 4367 ipsique
2124 4269 2292 4339 adeo
2358 4287 2629 4371 statores
2698 4293 2775 4334 ac
2844 4264 3141 4335 vindices
3215 4360 3218 4364 ⁴
