3550 5167
689 1933 838 2000 Vir
892 1953 1195 2001 summe
1248 1928 1765 1997 reverende!

543 2160 895 2227 Miraberis
944 2135 1240 2253 inspecto
1295 2178 1359 2226 et
1407 2158 1803 2253 perlustrato
1855 2159 1985 2225 hoc
2027 2156 2254 2224 libello
2277 2208 2295 2236 ,
2343 2157 2507 2249 quid

352 2297 434 2361 sit
459 2346 476 2375 ,
536 2291 719 2386 quod
762 2295 986 2361 Tuum
1016 2315 1261 2361 nomen
1322 2291 1502 2386 apud
1529 2292 1923 2360 litteratores
1954 2309 2086 2358 tam
2120 2292 2273 2357 novi
2310 2315 2508 2381 quam

346 2428 600 2519 antiqui
666 2426 845 2494 orbis
919 2426 1169 2506 clarum
1230 2429 1300 2492 in
1356 2428 1492 2492 eius
1539 2424 1758 2492 fronte
1813 2426 2167 2517 posuerim.
2271 2421 2509 2515 Capta-

341 2560 586 2627 tionem
631 2557 1130 2626 benevolentiae
1181 2533 1722 2650 interpretaberis
1744 2609 1763 2640 ,
1834 2582 1965 2650 qua
2014 2556 2174 2623 Tibi
2226 2557 2509 2648 Tuoque

339 2688 752 2782 praeiudicio
819 2692 950 2758 hoc
1016 2690 1411 2783 opusculum
1463 2692 1867 2771 insinuetur,
1933 2713 2058 2756 nec
2109 2710 2510 2782 magnopere

340 2820 661 2915 impedio.
765 2822 943 2906 Quid
990 2824 1168 2889 enim
1217 2824 1579 2916 exoptatius
1605 2873 1624 2903 ,
1703 2819 1869 2915 quid
1921 2818 2512 2889 commendabilius

340 2952 507 3019 mihi
559 2954 980 3044 contingere,
1033 2952 1198 3044 quid
1247 2973 1319 3020 ut
1369 2955 1618 3045 coeptis
1663 2955 1957 3045 gnaviter
1990 2954 2319 3032 insistam,
2372 2950 2511 3017 effi-

344 3085 563 3152 cacius
630 3109 738 3152 me
781 3084 1056 3152 incitare
1109 3086 1358 3177 possit,
1431 3109 1629 3177 quam
1677 3087 1863 3152 Tuus
1915 3087 2076 3153 tanti
2122 3086 2245 3153 viri
2293 3107 2514 3151 assen-

350 3216 515 3283 sus?
615 3214 753 3285 Sed
815 3219 954 3284 eius
1018 3214 1420 3310 impetrandi
1489 3215 1653 3285 adeo
1725 3219 1955 3309 exigua
2008 3240 2157 3309 spes
2230 3233 2370 3297 est,
2443 3233 2515 3281 ut

349 3348 615 3438 quaevis
690 3353 1014 3427 contraria
1081 3369 1474 3443 exspectem.
1578 3349 1801 3417 Nihilo
1877 3353 2092 3416 minus
2169 3351 2513 3442 permagni

350 3478 554 3546 refert
616 3479 700 3545 ad
771 3506 1034 3549 omnem
1110 3486 1562 3574 antiquitatem
1628 3484 2025 3549 Hebraicam
2091 3500 2269 3549 recte
2323 3483 2516 3548 aesti-

351 3609 695 3691 mandam,
767 3614 929 3704 quid
991 3633 1304 3682 statuatur
1381 3615 1464 3681 de
1516 3614 1766 3708 triplici
1834 3619 2226 3682 recensione
2277 3615 2516 3681 Penta-

352 3740 576 3807 teuchi
601 3794 620 3823 ,
688 3742 1170 3826 Alexandrina,
1242 3746 1681 3829 Samaritana,
1737 3747 2216 3814 Masorethica:
2285 3764 2515 3839 estque

355 3897 432 3938 ea
477 3895 622 3954 res,
673 3896 779 3939 me
829 3874 1089 3957 iudice,
1145 3876 1310 3942 adeo
1363 3900 1501 3944 non
1552 3879 1888 3959 confecta,
1947 3897 2019 3944 ut
2061 3880 2366 3971 antiquae
2418 3876 2519 3943 liti

352 4028 591 4072 novam
638 4008 981 4074 materiem
1033 4007 1513 4075 subiiciendam
1553 4014 1937 4102 putaverim.
2041 4011 2409 4090 Mil-amne,
2464 4012 2517 4076 si

351 4137 534 4206 hunc
576 4137 881 4206 libellum
928 4140 1127 4222 Tibi,
1201 4143 1314 4233 qui
1394 4141 1520 4207 hac
1567 4140 1651 4206 de
1704 4165 1775 4207 re
1824 4166 2086 4233 gravem
2129 4143 2518 4208 sententiam

355 4273 838 4359 pronuntiasti,
890 4273 1047 4341 Tibi
1090 4275 1361 4365 inquam
1412 4276 1628 4366 primo
1681 4271 2082 4342 obtulerim?
2186 4274 2293 4337 Tu
2345 4297 2519 4350 sane,
