3550 5167
957 521 1052 592 2⁰
1656 516 1827 610 Cap.·
1867 516 1931 584 J.
2028 516 2136 584 De
2178 510 2409 582 indole

957 712 1232 809 quidem
1263 712 1577 808 'exempla
1625 715 1857 782 mutati
1904 712 2262 784 verborum
2310 709 2602 795 ordinis,
2651 730 2724 781 ut
2749 701 3105 809 Ps.-45,342

946 832 1102 898 Τοῢ
1148 832 1488 921 ποταμοῦ
1548 825 1651 898 τὰ
1711 827 2108 925 ὁρμήματα
2176 830 2354 918 Βσυχ
2405 828 2723 918 „moab
2737 895 2763 936 2
2830 828 2952 898 sed
2997 853 3107 898 ra·-

946 948 1125 1015 riora
1149 997 1170 1030 ,
1227 971 1437 1040 ‚quam
1493 947 1565 1013 in
1623 947 1950 1013 Pesehito.
2048 944 2232 1012 Haec
2292 946 2538 1038 passim
2595 947 2667 1012 in
2708 943 2999 1030 ¹Psalmis
3034 942 3105 1029 .*)

944 1061 1029 1127 ab
1083 1060 1320 1129 ordine
1370 1060 1577 1128 Hebr.
1643 1059 1940 1129 deflectit
2002 1061 2106 1128 Ps.
2156 1065 2229 1141 1,
2286 1065 2347 1127 1.
2414 1055 2538 1142 14,
2592 1064 2655 1129 2.
2733 1064 2862 1140 72,
2920 1066 2980 1128 1.
3037 1053 3103 1127 e't

940 1174 1100 1243 alibi
1111 1226 1132 1259 ,
1181 1178 1298 1246 ubi
1333 1173 1786 1254 Alexandrina
1810 1176 2050 1244 Versio
2095 1195 2243 1244 eum
2265 1205 2277 1257 ὴ
2297 1173 2718 1270 pedissequis
2762 1167 3099 1246 suis-eum

935 1294 1233 1360 servavit.

1134 1398 1335 1491 Quod
1386 1404 1473 1473 ad
1516 1404 1808 1475 Graecae
1866 1397 2131 1501 linguae
2189 1404 2707 1484 declinationem
2753 1426 2821 1475 et
2868 1407 3101 1475 coniu-

930 1523 1264 1615 gationem
1314 1522 1577 1604 attinet,
1640 1522 1714 1588 in
1768 1524 1997 1615 aprico
2050 1541 2179 1605 est,
2246 1522 2524 1616 Syrum,
2581 1542 2652 1591 ut
2699 1523 3102 1614 Aethiopem

931 1654 1002 1703 et
1049 1637 1341 1705 Arabem
1370 1686 1391 1718 ,
1460 1637 1532 1703 in
1580 1639 1953 1705 testimonio
2019 1637 2106 1705 de
2156 1637 2410 1706 Graeca
2475 1637 2763 1708 lectione
2808 1635 3098 1706 dicendo

924 1747 1125 1843 longe
1175 1744 1563 1819 inferiorem
1614 1777 1755 1820 esse
1807 1753 2075 1820 Latinis.
2177 1751 2318 1821 Sed
2366 1751 2440 1820 id
2483 1752 2597 1820 ille
2648 1755 2821 1846 agit,
2887 1770 2960 1818 ut
3010 1749 3097 1820 ad

928 1865 1366 1959 archetypum
1435 1892 1624 1934 suum
1675 1889 1878 1961 quam
1935 1870 2238 1960 proxime
2287 1855 2576 1936 aocedat.
2674 1869 2739 1934 N
2743 1891 2833 1934 on
2881 1867 3094 1936 form-⁵

924 2003 1086 2061 nae,
1136 1998 1210 2047 ut
1256 1983 1488 2074 paucis
1539 1981 1859 2075 exemplis
1913 1980 2276 2074 defungar,
2351 1981 2783 2052 tribuendum
2832 2000 2961 2062 est,
3035 1981 3094 2048 si

922 2096 994 2161 in
1039 2094 1454 2164 Psalmorum
1505 2098 1708 2167 titulis
1758 2098 1969 2163 rarius
2018 2095 2296 2190 legimus
2366 2123 2518 2199 ε..οῃ
2588 2123 2786 2190 quam
2850 2092 3088 2201 θορ,

920 2233 1077 2276 nam
1124 2212 1197 2276 in
1245 2209 1519 2279 Graecis
1571 2228 1842 2306 quoque
1891 2212 2102 2279 rarius
2152 2229 2253 2279 est
2306 2212 2486 2304 τοῦ
2532 2200 2773 2278 Δαυίδ
2792 2258 2815 2292 ,
2890 2237 3090 2303 quam

916 2322 1025 2413 τῷ
1081 2316 1363 2409 Δαυίδ,
1436 2326 1623 2419 quod
1684 2327 1935 2393 Latinis
2003 2330 2134 2417 ipsi
2194 2323 2463 2411 David„
2543 2322 2679 2391 Sed
2746 2324 2877 2389 hoe
2942 2324 3087 2392 leve

919 2455 1067 2517 est,
1140 2462 1270 2503 neo
1331 2441 1485 2506 satis
1555 2458 1826 2506 certum.
1896 2440 2232 2507 -Gertiora
2290 2440 2556 2533 genitivi
2621 2457 2920 2504 accurate
2974 2464 3089 2505 ex-

913 2553 1133 2645 pressi
1208 2551 1511 2645 exempla
1570 2548 1663 2620 in¹
1713 2555 1862 2646 ipso
1932 2572 2114 2624 textu
2173 2552 2804 2645 deprehenduntur,
2875 2578 3084 2645 eaque

915 2668 1281 2734 innumera.
1380 2666 1821 2734 Memorabile
1881 2667 2052 2735 illud
2100 2668 2203 2733 Ps.
2251 2669 2379 2748 28,
2425 2669 2502 2734 ὃς
2576 2663 2774 2744 Φωνὴ
2836 2659 3085 2762 κυρίου

911 2776 1580 2877 συντρίβοντος
1633 2763 1960 2877 κέδρους,
2024 2773 2133 2871 11ῗί
2192 2792 2413 2871 mlxx„
2477 2782 2648 2869 '³322
2697 2768 2925 2888 ὼ,
3015 2799 3081 2849 et

912 2920 1073 2965 mox
1136 2895 1373 2963 eodem
1437 2895 1644 2967 modo
1708 2887 2284 2981 διακόπτοντος,
2344 2890 2864 2977 συσσείοντος,
2928 2918 3080 2961 κα·

912 3006 1754 3105 ταρτιζομένου,’ἱιι
1793 3039 1926 3108 quo
1977 3014 2126 3082 loco
2170 3016 2467 3094 mireris,
2518 3012 2684 3106 quid
2730 3014 2842 3093 sit,
2894 3009 3080 3104 quod

909 3151 1081 3193 unus
1129 3146 1380 3195 tantum
1428 3129 1571 3196 MS.
1639 3128 2100 3197 Holmesianus
2167 3130 2356 3220 isque
2404 3126 2490 3194 de
2541 3152 2775 3220 grege,
2846 3124 3076 3193 offerat

911 3234 1451 3334 συντρίβουσα,
1502 3232 2051 3322 διακόπτουσα,
2115 3231 2607 3322 συσσείουσα,
2671 3239 2868 3334 longe
2915 3235 3073 3332 plu·-

909 3356 1066 3422 rimi
1117 3355 1294 3447 (plus
1347 3381 1546 3449 quam
1590 3354 1780 3441 XC,)
1836 3355 2450 3450 Codices'habeant
2494 3349 3068 3452 καταρτιζομένη

912 3493 1041 3562 pro
1089 3462 1715 3562 καταρτιζομένου
1736 3517 1759 3555 ,
1820 3486 2021 3559 ὀμ»,
2094 3488 2167 3537 ut
2214 3489 2393 3538 reete
2438 3470 2661 3565 Syrus.
2759 3472 3068 3538 Dativum

914 3603 987 3659 ut
1037 3585 1119 3650 ab
1171 3586 1535 3654 accusativo
1587 3585 2022 3678 distingueret
2068 3604 2404 3667 accurate,
2454 3586 2598 3652 fieri
2647 3609 2784 3652 non
2829 3586 3064 3676 potuit.

914 3699 1061 3765 Hoc
1119 3701 1470 3768 observatu
1521 3699 1828 3793 dignum,
1901 3700 1973 3765 in
2026 3697 2347 3765 eiusmodi
2404 3697 2612 3779 loeis,
2663 3697 2791 3762 <uhi
2844 3693 3062 3764 dativo

910 3812 1167 3883 Graeco
1219 3814 1683 3908 comparabilis
1734 3833 1833 3881 est
1865 3815 2249 3881 Latinorum
2297 3812 2648 3893 ablativus,
2700 3813 2792 3905 τῇ
2839 3809 3059 3904 φωνῇ,

910 3922 1006 4021 τῇ
1049 3922 1284 4022 χειρί,
1333 3928 1439 4018 τῷ
1487 3924 1842 4017 στόματι,
1889 3919 2190 4017 δυνάμει
2239 3925 2491 4021 πολλῇ,
2535 3929 2617 3994 ab
2655 3926 2821 4020 Syro
2854 3948 3056 4017 prae-

846 4064 859 4071 ··
904 4044 1301 4136 positionem
1341 4045 1673 4137 praemitti
1723 4062 1794 4111 ut
1840 4041 2199 4135 plurimum
2217 4094 2238 4124 ,
2289 4042 2451 4130 (non
2490 4044 2593 4111 Ps.
2626 4042 2692 4123 3,
2724 4036 2802 4109 4;
2852 4027 3054 4131 Φωνῇ

929 4255 938 4267 ι
967 4293 1022 4360 ”)
1055 4289 1231 4343 Multo
1264 4288 1606 4361 frequentius
1643 4285 1702 4339 id
1737 4288 1800 4342 fit
1832 4287 1893 4340 in
1928 4284 1991 4339 N.
2028 4286 2092 4340 Τ,
2150 4313 2155 4320 ,

1635 4577 1650 4618 ὑ

3232 833 3241 864 Ἰ

3536 4327 3538 4392 --
3536 4221 3538 4264 --
3522 3963 3538 4194 ———.-.„—
3536 3917 3538 3926 ,
