3550 5167
997 511 1094 579 68
1585 511 1745 599 Cap.
1798 509 1903 575 II.
2006 509 2120 576 Ps.
2174 504 2334 578 104.
2390 511 2549 576 118.

995 702 1215 773 Holm.
1268 722 1517 797 κρινει,
1564 702 1686 771 sed
1733 702 1905 772 male
1954 703 2199 799 reliqui
2253 722 2450 772 testes
2503 727 2735 772 omnes
2780 697 3152 797 κρίνειν.

993 822 1104 888 Sic
1154 823 1258 889 Ps.
1302 820 1438 900 95,
1494 819 1583 886 13
1632 820 1808 886 bene
1855 838 2127 913 recepta
2174 821 2481 913 κρινεῖ
2529 814 2664 897 τὴν
2713 813 3154 908 οἰκουμένην,

991 937 1110 1002 ubi
1156 937 1400 1028 κρῖναι
1452 932 1708 1027 aliquot
1745 933 1948 1004 MSS.
2045 936 2299 1003 Mirum
2362 939 2498 1017 esti,
2542 956 2681 1004 ’σο
2707 925 2931 1027 φ’ίσε
2947 956 2974 1001 ι
3036 934 3189 1018 hic,

994 1066 1326 1117 servatum
1370 1050 1453 1118 ab
1506 1048 1731 1142 aliquo
1782 1066 1981 1131 teste,
2045 1050 2362 1144 quoniam
2413 1049 2567 1117 Τοῦ
2596 1039 3023 1118 ’παιδεῦσαι
3080 1051 3152 1115 in

990 1165 1206 1258 priori
1278 1163 1582 1233 membro
1653 1189 1795 1233 non
1845 1167 2091 1262 potuit3
2126 1188 2277 1239 non
2328 1166 2401 1231 in
2468 1190 2768 1233 errorem
2829 1162 3150 1257 pellicere

986 1279 1296 1348 librarios
1345 1277 1672 1361 GraecoS,
1729 1298 1804 1348 ut
1845 1280 2245 1347 infinitivum
2295 1282 2775 1348 continuarent.
2874 1279 3154 1346 Levicu-

989 1393 1086 1462 las
1139 1394 1465 1464 eiusmodi
1530 1393 2027 1474 emendationes
2087 1395 2285 1463 flocci
2349 1395 2802 1489 pendentibus
2873 1394 2947 1460 in
3010 1417 3156 1461 me·-

935 1505 946 1516 '
986 1511 1271 1576 moriam
1328 1532 1573 1579 revoco
1636 1509 1841 1577 verba
1901 1510 1997 1576 Μ.
2060 1511 2216 1578 Ant.
2278 1511 2528 1578 Mureti
2583 1511 2667 1578 V.
2710 1510 2785 1576 L.
2824 1508 3027 1589 VIII,
3074 1502 3148 1576 ’4.

992 1622 1316 1714 Quotidie
1333 1673 1361 1701 ,
1433 1625 1562 1707 ait,
1618 1628 1841 1718 magis
1887 1625 2201 1717 intelligo
2223 1674 2252 1703 ,
2316 1643 2546 1696 verum
2591 1648 2738 1692 esse
2786 1622 2904 1701 id,
2964 1620 3153 1715 quod

983 1761 1248 1829 semper
1316 1742 1758 1817 existimavi,
1837 1740 2095 1807 nullam
2171 1764 2318 1808 esse
2393 1739 2713 1807 mendam
2783 1738 3099 1831 pusillam
3120 1786 3147 1812 ‚

983 1875 1187 1945 quam
1252 1878 1398 1922 non
1449 1859 1820 1947 permagni
1890 1860 2164 1924 intersit
2212 1880 2254 1923 e
2323 1873 2621 1925 veterum
2674 1857 3146 1922 ‚monumentis

985 1968 1140 2036 tolli
1182 1993 1267 2035 ae
1316 1973 1593 2063 corrigi.

1174 2085 1280 2152 Ps.
1339 2086 1497 2155 118.
1593 2083 1708 2153 Ad
1771 2084 1961 2156 hune
2030 2084 2370 2154 Psalmum
2445 2083 2943 2179 alphabeticum
3007 2108 3145 2153 non

980 2216 1115 2265 tam
1165 2196 1251 2268 de
1299 2200 1494 2269 variis
1560 2197 1963 2269 lectionibus
2026 2201 2416 2296 disputabo,
2476 2201 2721 2294 quibus
2770 2226 2822 2268 ε.
2876 2199 3145 2267 leviori-

979 2313 1105 2380 bus
1169 2337 1220 2384 s,
1271 2316 1681 2406 gravioribus
1747 2315 1971 2384 nullus
2036 2316 2452 2383 Psalmorum
2520 2312 2895 2383 versiculus*
2946 2311 3143 2381 facile

982 2443 1163 2493 earet
1188 2475 1210 2506 ,
1280 2452 1480 2518 quam
1549 2426 1636 2494 de
1711 2428 1839 2495 alia
1896 2455 1973 2497 re
1997 2480 2019 2511 ,
2093 2454 2263 2523 quae
2323 2429 2629 2522 proxime
2693 2429 2990 2522 pertinet
3054 2427 3142 2495 ad

978 2539 1419 2608 aestimandos
1467 2540 1661 2612 MSS.
1714 2543 2030 2612 Graecos.
2133 2546 2214 2611 In
2254 2546 2336 2612 iis
2381 2543 2695 2637 quidem,
2760 2567 2928 2636 quos
2977 2542 3181 2634 Hel--

975 2656 1167 2721 mesii
1218 2680 1376 2722 cura
1439 2655 1712 2726 collatos
1774 2660 2131 2741 habemus,
2196 2658 2561 2753 Alphabeti
2602 2658 2915 2727 Hebraici
2957 2658 3151 2755 nulla⁴
3188 2665 3197 2682 '

975 2771 1049 2837 fit
1096 2765 1383 2853 mentio,
1447 2773 1577 2838 nisi
1632 2773 1819 2867 quod
1871 2776 2155 2867 praebet
2209 2768 2718 2868 ἀνεπίγραφος.
2746 2763 2935 2866 ’ἄλφ
2985 2770 3137 2860 (sic)

983 2886 1119 2955 180
1143 2934 1165 2965 ,
1230 2903 1369 2953 tum
1431 2885 1618 2979 quod
1662 2907 1820 2981 post
1882 2885 2329 2969 Ἀλληλούῖα
2378 2887 2566 2957 addit
2614 2884 2658 2968 ἡ
2709 2879 2906 2985 ἅλεφ
2930 2940 2952 2972 ,
3003 2881 3134 2955 ἅλ-

969 3007 1109 3092 ςόεκ
1159 2993 1190 3092 (
1209 2998 1349 3086 sie)
1402 2999 1563 3071 264.
1662 3003 1878 3071 Aliter
1917 3003 2112 3073 Psalt.
2153 3005 2403 3082 Veron-
2453 3002 2637 3099 apud
2682 3002 3123 3071 Blanchinum

969 3113 1051 3180 ld
1097 3139 1225 3208 pro
1275 3114 1465 3184 titulo
1517 3116 1803 3204 (omisso
1845 3117 2179 3205 Alleluia)
2241 3119 2447 3188 habet
2489 3116 2755 3213 Ale-ph,
2812 3142 2892 3186 ae
2936 3116 3129 3184 dein-

969 3252 1128 3320 ceps
1176 3253 1265 3295 vs.
1301 3228 1347 3299 9
1396 3231 1619 3308 Beth,
1662 3257 1752 3300 vs.
1796 3236 1884 3302 17
1938 3230 2173 3302 Gimel
2217 3250 2285 3301 et
2324 3234 2422 3300 sie
2460 3257 2670 3326 porro
2719 3234 2791 3300 in
2840 3249 3130 3325 utroque

816 3354 822 3359 '
965 3360 1166 3410 textu.
1267 3341 1458 3409 Idem
1515 3343 2048 3439 deprehenditur
2109 3349 2182 3415 in
2229 3345 2561 3427 Psalterjis
2610 3348 2859 3418 Latinis
2911 3348 3128 3415 omni·-

961 3458 1085 3528 bus
1114 3508 1136 3539 ,
1204 3475 1269 3525 et
1333 3458 1407 3526 fit
1490 3456 1737 3526 diserta
1801 3463 2051 3530 mentio
2131 3461 2389 3530 ordinis
2465 3455 2870 3557 alphabetici
2943 3459 3129 3554 apud

961 3572 1345 3664 origenem,
1394 3573 1849 3657 Ambrosium,
1898 3576 2413 3673 Hieronymum,
2461 3573 2809 3644 Hilarium.
2906 3576 3126 3643 Acce-

960 3684 1128 3753 dunt
1183 3685 1365 3782 apud
1410 3690 1538 3788 131².
1585 3690 1853 3760 Latinos
1923 3694 2138 3762 variae
2207 3691 2690 3762 elementorum
2750 3689 3123 3784 Alphabeti
3200 3715 3207 3724 ‘

958 3801 1272 3870 Hebraici
1343 3829 1593 3898 eaeque
1668 3804 1939 3898 lepidae
1999 3806 2368 3903 ἑρμηνεῖαι
2429 3832 2508 3875 ac
2536 3819 2543 3826 '
2567 3806 3121 3902 παρερμηνδῖαι,

958 3933 1033 3982 ut
1074 3912 1296 4009 Alepla
1346 3920 1431 3985 sit
1477 3919 1784 3988 doctrina
1804 3972 1825 4003 ‚
1888 3922 2072 4001 Beth
2119 3921 2357 3992 domus
2375 3973 2398 4005 ‚
2451 3919 2686 3991 Gimel
2726 3918 3078 4014 plenitudo
3091 3935 3133 4008 ,s

946 4031 1144 4098 Mem
1210 4033 1463 4099 viscera
1521 4050 1645 4100 ete.
1767 4034 2093 4105 Similiter
2156 4038 2482 4132 Aethiops
2546 4036 2865 4105 Hebraici
2934 4035 3113 4121 (non

951 4138 1371 4237 Aethiopici)
1422 4144 1783 4241 Alphabeti
1849 4152 2120 4219 nomina
2185 4154 2321 4220 suis
2382 4152 2550 4221 locis
2591 4149 2817 4246 posuit
2831 4199 2853 4230 ‚
2927 4167 2993 4217 et
3041 4150 3113 4216 in

815 4299 822 4306 s
927 4256 1149 4330 MSS.
1202 4258 1464 4329 duobus
1514 4285 1552 4332 a
1600 4261 1889 4335 Ludolfo
1956 4265 2215 4337 collatis
2274 4269 2492 4338 statim
2556 4267 2640 4335 ab
2705 4264 2892 4333 initio
2946 4264 3113 4333 haec
