3550 5167
974 522 1066 591 58
1494 613 1500 620 ,
1604 522 1766 616 cap.
1818 525 1922 593 η.
2021 525 2139 593 ps.
2193 527 2304 597 77.
2360 527 2478 599 79.-

972 717 1124 790 loco
1175 718 1379 789 lemae
1440 723 1973 793 commemoratio
2024 745 2161 791 non
2208 739 2430 817 potest
2498 723 2701 793 tribui
2761 748 2982 796 merae
3038 726 3122 796 li·-

970 835 1208 908 bidini.

1160 953 1265 1022 Ps.
1317 958 1447 1038 77,
1498 953 1587 1026 31
1691 948 1822 1021 καὶ
1890 949 2262 1025 ἀπέκτεινε
2340 953 2436 1025 ἐν
2510 956 2722 1035 τοῖς
2792 949 3119 1027 etloum·

970 1065 1260 1140 αὐτῶν
1333 1068 1609 1180 Κοσιὲ..)
1662 1067 1950 1178 'Q
2002 1073 2199 1159 &5400
2219 1140 2240 1178 5
2322 1067 2508 1166 quod
2568 1096 2952 1165 expressum
3017 1092 3119 1143 est
3208 1115 3221 1127 ·

969 1186 1057 1254 ad
1108 1186 1438 1255 Graecum
1481 1206 1729 1255 textum
1766 1179 1894 1251 καὶ
1957 1179 2211 1256 α’πέκτ.
2274 1185 2364 1257 ,ἐν
2422 1188 2619 1265 τοῖς
2678 1179 3115 1256 πλείοσιν

967 1324 1021 1372 α
1046 1299 1229 1370 15τῶ
1243 1325 1329 1394 ν,
1378 1322 1454 1373 ut
1494 1323 1593 1372 est
1638 1304 1711 1370 in
1736 1304 1987 1372 Veron.
2031 1320 2097 1370 et
2124 1301 2178 1389 C
2222 1300 2362 1370 fere
2385 1299 2579 1371 MSS.
2606 1301 2825 1370 Holm.
2854 1302 3115 1397 Compl.

967 1417 1125 1487 ΑΜ.
1173 1421 1367 1489 Aeth.
1420 1438 1486 1488 et
1532 1420 1823 1500 Latinis,
1882 1437 2160 1512 excepto
2211 1416 2512 1511 Vulgato.
2611 1417 2945 1512 Opinetur
2998 1418 3118 1486 ali-‘-

969 1537 1120 1629 quis
1193 1536 1282 1603 ἐν
1355 1538 1550 1613 τοῖς
1619 1529 1933 1603 πίοσιν
2011 1558 2155 1602 esse
2226 1531 2582 1601 lectionem
2654 1530 3117 1626 hexaplarem,
3197 1605 3202 1618 ‚

967 1676 1212 1745 nempe
1259 1651 1741 1719 Theodotionis
1793 1668 1903 1718 aut
1954 1650 2266 1733 Quintae,
2335 1645 2459 1715 sed
2504 1649 2610 1714 vix
2654 1647 2944 1714 dubitari
2994 1648 3115 1716 de-

965 1766 1120 1848 bet,
1186 1767 1352 1861 quin
1418 1786 1485 1835 et
1530 1766 1719 1833 LXX
1790 1767 1882 1833 ita
1950 1765 2380 1857 scripserint,
2443 1764 2579 1831 sive
2648 1747 2848 1830 haee'
2885 1785 3116 1831 eorum

966 1884 1297 1978 scriptura
1346 1883 1429 1950 ab
1472 1884 1775 1975 ipsorum
1823 1898 2126 1973 tempore
2175 1872 2462 1969 α’μέσως
2500 1876 2600 1945 'ad
2630 1876 2952 1946 Codieem
2977 1879 3114 1945 Va·-

967 1997 1260 2065 ticanum
1308 1996 1604 2092 aliosque
1655 2016 1850 2065 testes
1899 2018 2147 2089 paucos
2196 2013 2579 2088 propagata,
2629 1997 2764 2062 sive
2797 1992 3114 2061 mendum

963 2138 1003 2178 a
1053 2114 1320 2182 Criticis
1387 2115 1673 2207 antiquis
1733 2129 2110 2196 correctum
2170 2111 2271 2177 sit.
2369 2110 2853 2203 Metaphrastes
2900 2128 3115 2202 καρ-

960 2221 1409 2317 τίστους,
1450 2229 1565 2297 Ar.
1615 2227 1818 2297 Walt.
1869 2220 2185 2324 pesp-³32⁸
2233 2223 2485 2292 electos
2520 2223 2628 2293 vel
2668 2227 2952 2291 eximios
3001 2247 3116 2290 eo-

962 2367 1132 2412 rum.
1246 2344 1580 2439 vulgatus
1642 2348 1937 2436 pingues
2007 2363 2242 2409 eorum
2267 2388 2298 2418 ,
2378 2361 2551 2434 quae
2621 2340 2946 2409 correctio
3018 2356 3117 2408 est

962 2458 1374 2553 Hieronymi.

1157 2573 1263 2645 Ps.
1320 2567 1595 2655 79,'18
1694 2567 1843 2640 Καὶ
1908 2568 1998 2639 οὐ
2060 2567 2157 2662 μὴ
2219 2561 2654 2661 ἅποστῶμεν
2713 2563 2863 2637 α’πό
2926 2570 3115 2653 σοῦ’,
3213 2586 3217 2590 ·

964 2687 1209 2782 quibus
1290 2707 1594 2756 accurate
1666 2690 2001 2782 expressis
2080 2687 2289 2783 Syrus
2355 2683 2543 2755 addit
2601 2687 2852 2779 absque
2924 2686 3114 2777 signo

961 2803 1197 2871 critico
1255 2803 1440 2872 huno
1499 2805 1834 2898 integrum
1879 2796 2156 2897 στίχον
2213 2800 2491 2901 ,Δαναΐς
2545 2803 2883 2890 muna-l
2932 2814 3114 2899 400,

958 2917 1146 2986 Nihil
1205 2919 1456 2988 notavit
1516 2920 1823 3013 Bugatus.
1922 2916 2063 2986 Sed
2130 2916 2364 2985 Codex
2431 2913 2704 3011 quidam
2757 2915 3115 2983 Vaticanus

960 3058 1132 3106 saec.
1181 3035 1279 3103 IX
1328 3036 1664 3119 exeuntis,
1707 3032 2047 3102 Holmesio
2098 3034 2386 3125 signatus
2437 3029 2579 3102 269
2602 3081 2625 3114 ,
2678 3031 2786 3097 cui
2835 3048 2902 3097 et
2948 3027 3114 3096 aliae

959 3145 1286 3218 lectiones
1339 3149 1703 3244 singulares
1768 3148 1877 3216 vel
1944 3150 2232 3216 rariores
2298 3171 2450 3213 cum
2499 3143 2668 3238 Syro
2733 3166 3117 3211 communes

960 3279 1155 3343 sunt,
1229 3267 1484 3356 pariter
1540 3263 1730 3331 addit
1791 3257 1943 3329 καὶ
1994 3256 2171 3329 α’πό
2217 3262 2368 3340 τῆς
2415 3249 2668 3341 δόξης
2716 3259 2881 3325 τοῦ
2927 3254 3120 3326 ἐλέω

958 3398 1104 3456 ους
1154 3379 1343 3449 σοῦ.
1440 3376 1643 3445 Unde
1691 3376 1904 3445 haec?
1946 3377 2056 3445 An
2099 3401 2180 3443 ex
2211 3377 2334 3443 Ies.
2369 3379 2451 3459 2,
2507 3379 2616 3446 10.
2672 3374 2783 3445 19.
2836 3378 2949 3446 21.
2997 3373 3117 3441 ubi

960 3512 1063 3563 est
1120 3487 1272 3561 α’πὸ
1336 3483 1543 3575 δόξης
1616 3489 1881 3585 ἰσχύος
1945 3490 2221 3560 ati-tofi?
2290 3493 2563 3560 Dubito.
2636 3490 2773 3558 'An
2800 3479 3120 3584 ‘unquam

960 3612 1032 3677 in
1079 3610 1285 3677 Hebr.
1336 3627 1516 3678 textu
1563 3608 1759 3677 huius
1805 3606 2083 3691 Psalmi,
2151 3608 2272 3675 ubi
2317 3606 2572 3699 aliquot
2617 3606 2920 3672 membra
2964 3602 3119 3673 lon-

959 3726 1146 3819 giora
1194 3727 1663 3808 observantur,
1714 3726 2039 3819 seriptum
2087 3723 2212 3792 fuit
2279 3745 2456 3820 Ἱππ
2507 3744 2729 3798 “tunm
2751 3736 2784 3791 ?
2842 3721 3118 3789 Dubito.

960 3842 1051 3910 At
1096 3840 1297 3910 lectio
1359 3839 1477 3908 illa
1531 3865 1672 3909 non
1732 3838 1998 3908 videtur
2061 3840 2135 3906 in
2201 3838 2483 3906 cerebro
2544 3855 2697 3904 nata
2758 3836 2954 3904 otiosi
2995 3832 3119 3900 ali-

941 3957 1148 4025 'cuius
1209 3955 1485 4024 librarii.
1610 3955 1845 4025 Manet
1905 3955 2020 4022 hic
2081 3951 2455 4047 scrupulus.
2578 3952 2794 4020 Etiam
2851 3946 3119 4042 optimis

959 4073 1454 4141 auctoritatibus
1525 4069 1831 4140 diffidere
1898 4072 2076 4138 iuvat
2132 4070 2215 4137 iis
2280 4070 2352 4136 in
2423 4066 2589 4136 locis
2609 4117 2629 4150 ,
2715 4066 2867 4133 uhi·
2905 4080 3120 4132 textus

960 4188 1256 4255 Graecus
1303 4202 1487 4256 mera
1534 4188 1916 4266 omissione,
1983 4186 2293 4280 inprimis
2339 4184 2471 4252 levi
2522 4181 2876 4253 omissione
2923 4179 3121 4246 unius

955 4323 1069 4375 aut
1114 4327 1476 4401 paucarum
1527 4328 1764 4376 vocum
1833 4300 2186 4398 exaequari
2254 4299 2472 4395 potuit
2530 4295 2882 4367 Hebraico.
2982 4294 3118 4364 He-
