3550 5167
930 492 1023 568 το
1290 490 1450 580 cap.
1502 488 1608 556 η.
1712 490 1825 558 Ps.
1884 490 2038 558 118.
2100 486 2468 590 1262140.
2523 488 2680 560 144.

927 691 1005 764 In
1053 690 1157 756 his
1209 690 1326 780 qui
1373 675 1635 759 mecutn
1684 686 1875 768 facit,
1952 687 2006 754 is
2068 704 2133 753 et
2197 687 2328 754 hoc
2402 704 2712 782 respectu
2777 690 3077 783 antiquas

925 806 1283 874 Vel-siones
1328 800 1599 874 Graecis
1647 801 1843 869 MSS.
1909 801 2112 869 hodie
2173 800 2457 871 residuis
2517 826 2653 872 non
2700 821 3076 897 postponet.

926 919 1034 990 An
1084 921 1154 984 in
1202 918 1521 985 Vaticano
1566 915 1709 984 MS.
1759 920 2320 1011 praestantissimo
2385 942 2461 984 ea
2516 918 2786 984 nomina
2834 918 3080 986 littera-

927 1059 1078 1108 rum
1127 1033 1532 1115 exstiterint,
1608 1055 1730 1125 ego
1781 1035 2049 1116 nescio,
2125 1031 2246 1100 sed
2307 1031 2487 1100 haud
2551 1030 2783 1124 longe·
2816 1032 3076 1116 absum,

854 1185 858 1192 ·
930 1150 1093 1242 quin
1145 1146 1431 1219 credam.
1532 1147 1718 1216 Nihil
1769 1147 1898 1216 tale
1942 1146 2179 1216 excudi
2227 1148 2445 1243 potuit
2485 1149 2555 1214 in
2595 1146 2903 1216 Editione
2952 1150 3080 1217 Ro-

923 1289 1119 1340 mana
1139 1315 1160 1347 ,
1224 1287 1386 1330 nam
1449 1263 1661 1355 longo
1721 1288 1891 1330 aevo
1953 1267 2362 1355 consumptis
2430 1261 2835 1333 membranis
2883 1270 3084 1332 muti-

928 1381 1105 1453 latus
1154 1394 1284 1454 est·
1311 1374 1494 1466 [scil.
1539 1378 1682 1450 MS.
1726 1375 1990 1466 Vatie.]
2058 1377 2146 1443 ab
2193 1367 2392 1444 initio
2445 1376 2604 1445 libri
2666 1374 2804 1465 [sc.
2859 1360 3084 1447 Gene-

927 1487 1119 1585 seos]
1171 1518 1376 1586 usque
1441 1491 1538 1558 ad
1585 1510 1785 1586 caput
1830 1494 2163 1570 XLVII,
2227 1509 2297 1560 et
2346 1491 2518 1560 liber
2572 1493 3084 1564 itemPsalmo-

929 1636 1115 1685 rum,
1164 1614 1283 1700 qui
1325 1633 1373 1675 a
1419 1609 1534 1676 Ps.
1587 1610 1729 1681 CV.
1781 1633 1984 1701 usque
2049 1608 2147 1676 ad
2196 1610 2671 1680 CXXXVIII
2714 1612 2926 1675 nimia
2973 1634 3084 1676 ve-

905 1740 1186 1791 tustate
1235 1748 1512 1799 mancus
1563 1741 1705 1802 est,
1763 1743 1840 1791 ut
1886 1727 1958 1791 in
2021 1724 2431 1818 praefatione
2478 1724 2877 1817 profitentur
2920 1723 3085 1791 Edi-

929 1859 1123 1906 toreS.
1223 1842 1519 1906 Mancus
1575 1841 1647 1906 in
1692 1839 1969 1910 Psalmis
2026 1865 2111 1906 an
2174 1858 2394 1907 tamen
2457 1861 2672 1907 unum·
2727 1837 3085 1906 alterumve
3150 1825 3155 1829 .

925 1955 1271 2047 vestigium
1324 1954 1688 2048 Alphabeti
1756 1954 1965 2021 Hebr.
2027 1956 2424 2037 servaverit,
2485 1978 2731 2048 operae
2795 1956 3087 2050 pretium

929 2070 1056 2141 erit
1077 2119 1099 2151 ,
1149 2096 1187 2140 a
1237 2069 1472 2140 futuris
1522 2070 1661 2138 eius
1712 2069 2160 2142 Collatorihus
2213 2068 2495 2140 discere.
2574 2132 2579 2138 .

1041 2269 1044 2272 Ι
1123 2183 1388 2252 Ibidem
1458 2210 1554 2254 vs.
1612 2186 1774 2254 115..
1892 2175 2309 2254 Ἐκκλίνατε
2376 2180 2538 2255 κτλ.
2671 2183 2878 2279 Syrus
2964 2185 3088 2251 tria

928 2300 1228 2374 membra·
1264 2299 1433 2368 ‘facit
1477 2300 1673 2376 huius
1726 2299 2070 2381 versiculi,
2119 2300 2411 2392 primum
2461 2300 2837 2391 exprimens
2874 2295 3090 2367 Ἀπό·

930 2436 1156 2493 στητε
1209 2409 1339 2488 ἀπ’
1399 2413 1579 2503 ἐμοῦ
1637 2411 1710 2480 οἱ
1763 2406 2223 2510 ἐργαζόμενοι
2282 2410 2427 2492 ’τὴν
2486 2406 2839 2503 οἷνομίᾳν,
2901 2414 3089 2507 quod

859 2549 864 2554 ‘
927 2531 1160 2601 nescio
1228 2551 1363 2622 quo
1436 2528 1737 2598 fortunae
1800 2527 1951 2595 lusu
2002 2553 2082 2594 ex
2128 2530 2236 2596 Ps.
2281 2527 2365 2615 6,
2416 2530 2463 2599 8
2511 2529 2646 2598 huc
2688 2546 3094 2623 transporta-

929 2662 1073 2714 tum
1121 2662 1253 2726 est,
1323 2641 1572 2721 deinde
1625 2669 1915 2742 pergens
1983 2636 2399 2717 Ἐκκλίνατε
2460 2663 2527 2713 et
2589 2644 2849 2740 reliqua
2911 2663 3097 2714 reete
3206 2635 3213 2640 ¹

931 2777 1148 2838 vertit.

1125 2878 1252 2942 Ps.
1290 2873 1466 2958 126,
1530 2880 1588 2944 1.
1708 2872 2154 2970 ἠγρύπνησεν
2221 2873 2264 2943 ὁ
2339 2868 2808 2971 φυλάσσων,
2885 2873 3096 2968 Syrus

930 2989 1072 3064 ml>
1125 3006 1336 3091 (ἣρως
1390 2988 1595 3089 „34
1657 3004 1869 3067 0301..
1914 2993 1958 3058 i.
2025 3016 2085 3063 e.
2149 2985 2601 3084 ἐγρύπνησαν
2661 2987 2734 3070 οἱ
2799 2986 3095 3084 φυλάσ-

932 3124 1191 3185 σοντες
1241 3108 1473 3188 αὐτήν
1516 3126 1590 3177 ut
1629 3105 1798 3177 Cod.
1824 3105 2011 3190 269,
2063 3105 2499 3201 similiterque
2546 3104 2708 3181 268.
2804 3108 3099 3181 Praestat

842 3193 852 3216 ¹
931 3240 1154 3300 tamen
1201 3243 1491 3316 recepta.

1128 3338 1233 3403 Ps.
1294 3334 1471 3420 140,
1522 3337 1568 3406 6
1665 3335 1757 3404 οἱ
1809 3330 2254 3430 κραταιοὶ
2303 3335 2563 3424 αὐτων.
2662 3335 2777 3406 Sic
2814 3355 2881 3404 et
2907 3331 3094 3406 Alex.

936 3468 1002 3524 et
1050 3450 1161 3527 alii
1210 3453 1408 3544 pauci
1450 3448 1643 3520 MSS.
1694 3450 1916 3524 Helm.
1984 3474 2136 3524 cum
2180 3452 2377 3546 Aeth.
2431 3450 2618 3547 quod
2678 3434 3099 3523 videtui-'ve-

933 3585 1179 3638 tustum
1243 3566 1581 3633 mendum.
1703 3565 1910 3659 Syrus
1983 3565 2283 3675 χοαὶ-13,
2368 3568 2437 3638 h.
2488 3591 2546 3637 e
2618 3563 2706 3633 οἱ
2772 3558 3098 3662 κριταὶ

935 3680 1216 3762 αὐτων,
1268 3702 1339 3749 ut
1380 3681 1626 3782 reliqui
1674 3699 1907 3763 testes,
1954 3684 2404 3753 consentiente
2449 3673 2778 3750 HeBraeo.

1128 3800 1233 3874 Ps.
1292 3793 1630 3880 144,13.
1727 3791 2016 3875 Πιστὸς
2065 3793 2305 3888 κύριος
2354 3792 2431 3865 ἐν
2481 3797 2639 3876 τοῖς
2683 3792 2922 3887 λόγοις
2968 3793 3101 3863 αὐ-

935 3914 1111 3993 τοῦ,
1178 3907 1302 3978 καὶ
1349 3904 1554 3991 ὅσιος
1603 3907 1682 3979 ἐν
1729 3914 1921 3980 πᾶσι
1969 3935 2128 3992 τοις
2181 3895 2401 4009 ἔργοις
2449 3910 2707 3985 αὐτοῦ.
2803 3915 3099 3981 Breviter

937 4026 1288 4131 expediam
1331 4030 1512 4096 hune
1573 4028 1800 4098 locum
1847 4030 2000 4100 satis
2047 4048 2160 4097 aut
2216 4030 2413 4097 nimis
2468 4029 2880 4122 exagitatum.
2980 4028 3100 4100 Est

935 4144 1006 4220 in
1038 4165 1116 4214 eo
1156 4167 1428 4235 magnus
1472 4146 1936 4222 auctoritatum
1990 4168 2369 4227 consensus,
2413 4162 2882 4241 praeterquam
2914 4139 3101 4234 quod

938 4253 1012 4324 ἐν
1062 4255 1291 4324 πᾶσι
1365 4252 1534 4337 τοῖό
1591 4253 1829 4352 λόγοις
1901 4256 2137 4331 αὐτοῦ
2209 4259 2537 4353 praebent
2596 4258 2653 4331 G
2704 4258 2854 4328 -sere
2905 4255 3097 4324 MSS.
