3550 5167
963 534 1053 622 14
1766 532 1946 621 Gen.
1991 534 2060 610 I,
2112 528 2176 600 8.
2225 555 2291 624 9.

958 712 1421 825 quantumvis·
1448 727 1730 809 clarum,
1824 745 1933 796 aut
2019 725 2230 794 ullum
2284 724 2771 819 praeiudicium
2848 726 3118 823 Patrum

962 845 1281 913 ecclesiae
1345 844 1651 937 antiquae
1720 840 2252 912 reformidemus.
2378 842 2799 927 ,Quaerebam
2869 841 3124 935 aliquot

961 961 1207 1028 abhinc
1279 959 1502 1028 lustris
1568 982 1650 1026 ex
1720 956 1919 1026 docto
1986 956 2237 1026 Iudaeo
2307 956 2759 1038 Vilnoviensi‚
2830 976 3120 1026 maturae

961 1077 1185 1157 aetatis
1234 1077 1375 1144 viro
1394 1125 1417 1157 ,
1466 1076 1584 1168 qui
1618 1074 1913 1167 Lipsiam
1945 1091 2248 1155 venerat,
2297 1073 2530 1189 ibiq¹ue
2555 1073 2881 1142 Acroases
2926 1098 3123 1166 quas-

963 1187 1118 1264 dam
1176 1190 1530 1271 recitabat,
1581 1187 2011 1282 postmodum
2076 1189 2190 1258 hic
2236 1184 2714 1260 Amstelodami
2767 1189 2996 1282 inopia
3058 1207 3124 1255 et

961 1299 1232 1401 crapula
1296 1305 1636 1376 confectus
1684 1322 1818 1386 est,
1890 1328 2010 1372 cur
2056 1298 2128 1374 in
2172 1328 2379 1397 opere
2430 1302 2709 1374 secundi
2758 1321 2826 1372 et
2872 1322 3126 1374 tantum

956 1420 1239 1491 secundi
1297 1420 1435 1492 diei
1485 1418 1658 1504 desit
1721 1420 2117 1514 approbatio
2174 1418 2413 1502 divina.
2511 1418 2643 1490 Ille
2704 1444 2861 1488 vero
2909 1420 3127 1488 Rabhi

920 1601 927 1612 ,
961 1530 1342 1631 ΝαρῘιῑῘιαΙί
1371 1531 1724 1608 Abraham
1745 1529 1866 1629 (ita
1901 1560 1973 1604 se
2007 1530 2422 1632 nominabat)
2463 1534 2648 1629 quod
2685 1534 3128 1629 responderet

962 1676 1103 1722 non
1151 1653 1471 1734 habebat,
1513 1653 1643 1740 nisi
1681 1676 1823 1720 esse
1853 1652 1927 1719 in
1965 1677 2090 1719 sua·
2120 1670 2313 1746 gente
2356 1654 2474 1745 qui
2511 1650 2845 1738 dicerent,
2893 1674 3129 1719 nume-

964 1792 1117 1836 rum
1156 1768 1490 1836 binarium
1524 1785 1756 1861 utpote
1785 1765 2162 1836 discordiae
2195 1766 2521 1836 indicium
2548 1786 2616 1835 et
2649 1766 2896 1836 malum
2933 1791 3132 1835 omen

971 1883 1271 1954 consulto
1328 1885 1643 1952 omissum
1709 1909 1747 1951 a
1812 1884 2004 1953 Mose
2052 1879 2138 1973 Ἴ.
2236 1881 2433 1950 Idem
2500 1880 2614 1950 ille
2685 1906 2894 1976 quum
2958 1884 3132 1950 hanc

970 2000 1524 2093 approbationem
1600 1997 1892 2080 divinam
1957 2000 2030 2065 in
2091 2016 2274 2066 textu
2335 1998 2521 2065 LXX
2566 2020 2675 2065 me
2742 1996 3132 2067 ostendente

973 2117 1106 2183 suis
1153 2114 1362 2183 oculis
1395 2112 1654 2183 videret
1682 2111 1865 2182 haud
1900 2113 2169 2181 omnino
2207 2115 2473 2207 ignarus
2514 2112 2810 2182 Graecae
2851 2113 3136 2209 linguae,

973 2232 1202 2300 mirari
1255 2231 1480 2329 coepit
1528 2248 1594 2296 et
1638 2227 1849 2297 multo
1887 2230 2092 2323 magis
2127 2254 2327 2324 quam
2356 2246 2546 2296 antea
2571 2229 2913 2299 haesitare.
2976 2231 3139 2299 Cui-

975 2345 1274 2415 cuimodi
1339 2341 1507 2413 haec
1568 2345 1739 2427 sint,
1800 2368 1921 2437 ego
1978 2345 2251 2412 minime
2302 2343 2573 2427 dubito,
2633 2363 2883 2412 textum
2933 2344 3141 2413 Grae-

975 2485 1132 2528 cum
1176 2462 1245 2528 h.
1293 2460 1338 2527 l.
1380 2460 1722 2554 praeferre
1770 2460 2237 2527 Masorethico.
2334 2461 2564 2553 Longe
2616 2458 2808 2528 aliter
2845 2460 3139 2553 Theoph.

971 2573 1283 2648 Eduard.
1334 2574 1625 2666 Toepler
1643 2625 1670 2651 ,
1718 2574 2070 2668 Hungarus
2090 2626 2110 2657 ,
2161 2601 2199 2641 a
2249 2599 2383 2668 quo
2426 2576 2499 2641 in
2546 2575 2851 2669 plurimis
2900 2578 3145 2664 mirum

976 2709 1298 2783 quantum
1326 2695 1340 2705 “
1358 2688 1693 2759 dissentio.
1794 2690 1865 2757 Is
1928 2692 2106 2757 enim
2152 2691 2263 2757 De
2303 2690 2762 2758 Pentateuclzi
2808 2696 3145 2785 interpre-

976 2810 1266 2876 tationis
1337 2800 1541 2879 Alex.
1609 2803 1840 2872 indole
1898 2810 2047 2872 crit.
2114 2822 2184 2871 et
2256 2805 2554 2872 hermen.
2617 2833 2766 2900 pag.
2814 2814 2899 2876 11
2970 2808 3145 2876 hanc

972 2922 1192 3016 ipsam
1242 2920 1487 2989 Graeci
1556 2940 1769 2989 textus
1824 2919 2222 3016 particulam
2281 2920 2533 2990 indicta
2600 2948 2793 2990 causa
2855 2918 3144 3003 νοθείας

979 3037 1448 3106 condemnavit
1509 3055 1708 3131 atque
1768 3038 1844 3104 in
1885 3039 2282 3103 immensam
2328 3036 2954 3104 additamentorum
3003 3060 3146 3103 mo-

978 3151 1111 3218 lem
1163 3154 1478 3236 coniecit,
1542 3178 1713 3247 quae
1782 3154 1867 3221 sit
1925 3157 2251 3245 prosecta
2303 3176 2351 3217 a
2399 3135 2607 3219 nimio
2653 3150 2924 3226 stadie,
2997 3167 3148 3218 tex-

985 3282 1129 3335 tum
1205 3271 1378 3334 satis
1437 3267 1570 3335 sibi
1629 3283 2060 3335 constantem
2080 3317 2109 3344 ,
2178 3266 2638 3360 aequabilem,
2699 3270 3149 3360 perspicuum,

984 3387 1199 3452 etiam
1253 3382 1635 3477 pleniorem
1713 3387 2333 3476 perfectioremque
2407 3381 2789 3459 reddendi,
2866 3401 2938 3451 ut
3005 3383 3151 3476 ipse

980 3499 1283 3596 loquitur
1322 3500 1416 3567 ib.
1463 3523 1613 3594 pag.
1646 3503 1712 3571 7.
1808 3501 1952 3594 Ego
2005 3501 2177 3568 viam
2216 3524 2434 3566 meam
2473 3522 2860 3593 persequar.

1012 3634 1024 3640 ⁷·
1132 3617 1163 3648 ‘
1177 3615 1265 3682 In
1312 3635 1637 3686 commate
1680 3614 1726 3685 9
1772 3613 2054 3709 legimus
2106 3613 2204 3693 εἰς
2255 3610 2666 3705 συναγωγὴν
2715 3606 2933 3703 μίαν,
2980 3613 3046 3679 h.
3097 3637 3153 3679 e.

982 3755 1120 3835 ⁸183ss
1143 3740 1473 3838 ”RQ-⁷²²3,
1522 3750 1596 3799 ut
1626 3749 1826 3822 ⁸recte
1879 3729 2079 3799 docet
2104 3730 2278 3803 Lud.
2316 3728 2993 3824 Cappelluszcriticae
3037 3727 3158 3796 Sa-

992 3873 1143 3916 crae
1179 3874 1328 3942 pag.
1356 3845 1523 3930 612,
1573 3846 1749 3915 Edit.
1801 3845 2127 3931 Halensis,
2176 3866 2331 3943 post
2369 3847 2562 3914 allata
2592 3845 2828 3913 similia
2858 3841 3159 3936 exempla

989 3983 1521 4058 permutatorum
1563 3963 1737 4032 inter
1791 3988 1861 4032 se
1906 3963 2389 4034 elementorum
2403 3963 2531 4055 „He
2580 3981 2647 4030 et
2686 3964 2892 4030 Mem.
2995 3957 3162 4027 Suc-

1061 4215 1111 4286 ')
1153 4213 1281 4265 Fuit
1312 4213 1370 4265 id
1403 4215 1694 4286 πρόβλημα
1732 4214 1881 4283 apud
1919 4216 2147 4268 Iudaeos
2185 4232 2317 4268 aevo
2355 4214 2633 4284 OrIgenis,
2671 4210 2988 4265 observante
3017 4204 3164 4261 Ken-

1143 4307 1353 4360 nieotto
1395 4307 1615 4361 Dissert.
1653 4308 1848 4364 Gener.
1882 4310 2022 4362 Edit.
2060 4310 2229 4361 Erum
2265 4326 2320 4380 p.
2360 4309 2473 4381 ¹75·
2901 4307 2914 4316 ’
