3550 5167
1265 556 1441 628 Ge'n.
1493 560 1607 637 II,
1654 557 1724 629 3.
2472 563 2562 631 27

423 777 719 827 nostrum
766 759 903 825 viso
920 806 942 839 ‚
1001 753 1085 821 ab
1136 776 1366 825 aversa
1412 772 1667 823 tantum
1705 774 1896 851 parte
1945 740 2267 852 apparere
2307 758 2565 827 minore

422 871 769 940 evidentia.
883 874 965 939 In>
1028 871 1211 938 omni
1275 869 1600 938 Versione
1673 876 1887 940 textus
1949 871 2284 966 originalis
2344 874 2565 967 potius

418 989 843 1080 transpicitur
915 993 1115 1080 quam
1169 987 1611 1077 conspicitur:
1688 987 1875 1080 quod
1937 987 2102 1054 alter
2159 1012 2229 1055 se
2293 1012 2565 1055 cernere

416 1103 804 1195 profitetur,
868 1080 945 1168 id
993 1098 1159 1168 alter
1205 1124 1276 1167 se
1320 1122 1595 1167 cernere
1640 1120 1867 1193 negat:
1930 1085 2095 1170 alter
2133 1100 2313 1169 haud
2363 1101 2563 1169 dubie

413 1216 667 1283 fallitur
687 1268 708 1300 ,
773 1215 895 1285 sed
933 1232 1167 1287 neuter
1212 1215 1454 1282 erroris
1505 1217 1934 1284 convincitur.
2031 1217 2124 1288 At
2166 1239 2304 1285 non
2348 1218 2567 1283 minus

415 1355 648 1400 verum
704 1344 839 1414 est',
908 1329 1095 1426 quod
1147 1328 1332 1397 idem
1379 1329 1793 1398 Reinhardus
1840 1349 2097 1416 monet,
2168 1334 2565 1420 Versionem

415 1441 1006 1524 Alexandrinam,
1076 1471 1277 1539 quum
1355 1450 1450 1514 sit
1514 1450 1999 1523 vetustis-sima,
2080 1470 2202 1513 suo
2272 1446 2564 1539 quodam

418 1568 564 1629 iare
624 1554 972 1655 postulare
1029 1585 1229 1654 posse
1252 1612 1279 1639 ,
1340 1576 1415 1628 ut
1477 1566 1660 1630 inter·
1715 1560 2008 1656 reliquo&
2074 1577 2283 1629 testes
2338 1566 2563 1653 prima

414 1683 831 1745 sententiam
878 1694 1192 1769 rogetur.-
1239 1677 1666 1746 vehementer
1691 1677 1912 1765 falli,
1978 1682 2098 1769 qui
2141 1682 2282 1744 eius
2329 1678 2562 1744 lectio-

418 1791 614 1859 nibus
655 1797 783 1886 per
829 1817 1061 1860 omnes
1108 1792 1315 1860 libros
1357 1791 1537 1860 idem
1577 1790 1923 1860 tribuant.-
1991 1815 2166 1884 quae
2213 1816 2253 1857 e
2297 1793 2560 1860 Penta-

416 1908 655 2004 teuclz'o
722 1908 1101 1986 ducantur,
1156 1912 1465 1976 universe
1504 1891 1888 2002 spectatas,
1953 1911 2260 1999 inprimis
2306 1907 2559 1998 dignas

414 2049 560 2090 esse
578 2027 615 2100 ,'
656 2049 938 2118 quarum
987 2023 1319 2091 habeatur
1364 2027 1583 2091 ratio.-
1642 2022 1731 2090 de
1778 2022 2184 2116 reliquorum
2233 2022 2555 2089 librorum

416 2142 495 2211 V
481 2140 860 2209 ens-ionibus
909 2145 1092 2208 varie
1142 2139 1626 2216 iudicandum,
1676 2164 1877 2235 quum
1924 2155 1995 2206 et
2034 2153 2265 2206 aetate
2315 2155 2386 2204 et
2430 2138 2558 2207 In·-

413 2271 782 2348 terpretum
821 2257 1132 2328 sollertia
1173 2239 1593 2349 magnopere
1637 2247 1986 2345 differant.
2102 2256 2201 2322 Ita
2246 2253 2361 2320 ille
2403 2272 2557 2346 post

405 2371 575 2439 'alios
647 2372 1005 2467 plurimos,
1080 2391 1146 2440 et
1205 2375 1262 2440 si
1328 2363 1638 2467 θεωρίαν
1711 2389 2129 2465 spectamus,
2193 2394 2332 2446 non
2390 2368 2555 2437 adeo

408 2509 683 2580 magnus
750 2507 848 2555 est
891 2486 1222 2556 dissensus
1269 2487 1523 2557 Ludov.
1575 2487 1884 2582 Cappelli
1949 2505 2013 2554 et
2065 2486 2159 2553 Io.
2207 2473 2555 2565 Buxtorfii‚

402 2604 699 2696 ‘itemque
770 2603 920 2670 Car.
969 2605 1025 2670 F
1026 2630 1206 2671 rane.
1267 2604 1694 2697 Houbigantii
1769 2621 1834 2670 et
1901 2600 2173 2669 Sebal‘di
2230 2601 2411 2668 Ravii
2458 2591 2553 2688 ⁹³),

410 2717 575 2808 quin
620 2717 1029 2812 aliquatenus
1078 2719 1165 2816 ad
1215 2719 1640 2788 concordiam
1685 2720 1985 2787 revocari
2015 2718 2300 2810 possint:
2352 2717 2554 2782 simu-

406 2828 632 2924 latque
682 2832 767 2898 ad
816 2826 1072 2928 πρᾶξιν
1117 2854 1384 2904 ventum
1434 2853 1562 2917 est,
1620 2833 1826 2901 iidem
1857 2833 1975 2899 ·illi
2017 2834 2090 2899 in
2138 2830 2550 2897 diverssimas

402 2963 625 3038 partes
700 2946 961 3015 abeunt.
1057 2950 1431 3032 Mirumne,
1498 2953 1568 3017 si'
1620 2973 1739 3041 ego
1810 2947 1994 3042 quod
2038 2947 2341 3015 omnibus
2388 2965 2549 3036 pro·

404 3063 564 3130 hare
616 3045 846 3156 cupio,
891 3063 1304 3157 paucissimis
1345 3064 1769 3159 probavero?
2502 3053 2506 3057 ’

594 3181 751 3253 Fuit
793 3180 925 3247 hoc
972 3177 1157 3262 loco,
1204 3199 1278 3248 ut
1317 3205 1462 3247 rem
1491 3198 1829 3273 repetam,
1879 3196 2089 3279 textus
2115 3177 2546 3272 primigenius

1083 3289 1284 3359 177va
1324 3290 1524 3360 nvi-5⁷2&
1567 3290 1701 3359 ἔντη
1741 3302 1886 3355 nnn

401 3399 468 3459 e't
522 3394 800 3461 verbum
848 3418 982 3472 &⁵52
1039 3397 1111 3461 in
1190 3413 1372 3463 textu
1442 3396 1885 3464 Masorethico
1959 3414 2060 3464 est
2128 3395 2543 3491 depravatio,

402 3533 570 3599 quae
644 3533 782 3577 non
829 3510 1094 3606 iniquae
1142 3512 1444 3581 fortunae
1485 3531 1596 3580 aut
1643 3512 1988 3582 socordiae
2040 3512 2352 3596 debetur,
2421 3513 2541 3581 sed

400 3637 585 3695 certo
635 3624 936 3691 consilio·
1031 3626 1214 3695 Haec
1260 3625 1553 3720 legentes
1599 3627 1943 3713 nonnulli,
1994 3654 2159 3723 quos
2210 3627 2541 3697 inauditae

398 3742 755 3807 sententiae
811 3739 1184 3824 oflendunt,
1252 3746 1532 3835 graviter
1587 3745 2107 3838 indignabuntur
2155 3762 2293 3813 aut*
2309 3747 2540 3811 inanes

396 3878 598 3946 nugas
669 3881 705 3920 a
765 3880 872 3922 me
933 3857 1038 3948 agi
1084 3858 1410 3949 putabunt
1447 3860 1586 3924 risu
1635 3861 2077 3954 excipiendas·
2175 3849 2313 3930 Hos
2352 3883 2540 3955 rogo,

392 3987 466 4036 ut
529 3967 832 4038 libellum
900 3988 1182 4066 ponant,
1256 3974 1567 4067 quoniam
1646 3964 1993 4045 discedere
2058 4003 2195 4047 non
2260 4003 2532 4072 possum

438 4245 487 4317 ¹¹)
527 4246 664 4385 Yidc
704 4249 818 4302 eius
852 4250 1156 4308 Exercitatt.
1195 4253 1455 4326 philolog.
1503 4255 1569 4309 ad
1605 4256 1784 4316 Caroli
1821 4257 2004 4311 Franc..
2044 4259 2357 4329 Hubigantii
2407 4260 2531 4312 Pro-

562 4349 669 4404 egg.
706 4353 826 4408 pag.
855 4354 972 4391 πο.
