3550 5167
1000 572 1090 640 26
1848 570 2023 637 Gen.
2077 572 2190 645 ΙΙ,
2232 569 2299 638 3.

993 791 1135 834 suo·
1162 767 1536 834 invenerint
1555 815 1576 848 ‚
1628 763 2059 835 consideratis
2107 764 2274 834 locis
2320 761 2656 860 parallelis
2708 768 2872 861 Cap.
2922 766 3009 851 6,
3069 773 3138 837 1:

991 873 1370 975 ἤρξαντο
1419 878 1492 946 οἱ
1541 870 1908 975 ἄνθρωποι
1956 875 2223 949 πολλοὶ
2265 876 2652 971 γίνεσθαι,
2705 886 2830 961 10,
2874 885 2955 954 8:
2998 872 3141 974 ἥρ-

986 988 1209 1076 ξατο
1251 985 1440 1063 εἶναι
1470 989 1665 1087 γίγας
1699 990 1820 1062 ἐπὶ
1843 998 1969 1075 τῆς
1997 996 2145 1087 γῆς,
2203 1003 2315 1079 11,
2358 995 2435 1065 6:
2485 988 2887 1091 ἤρξαντο
2934 997 3142 1076 ποιῆ-

989 1132 1156 1194 σαι,
1204 1106 1323 1193 41,
1368 1106 1496 1179 54:
1545 1101 1879 1208 ἤρξατο
1928 1161 1948 1181 .
2000 1162 2016 1177 .
2065 1102 2458 1206 ἔρχεσθαι,
2507 1114 2578 1180 it.
2626 1115 2820 1182 Deut.
2874 1114 2960 1196 3,
3014 1109 3135 1182 24:

985 1224 1082 1293 σὺ
1128 1214 1340 1319 ἤρξω
1404 1217 1638 1307 δεῖξαι
1685 1281 1705 1299 .
1755 1274 1773 1293 .
1827 1277 1842 1294 .
1892 1222 2027 1321 τὴν
2094 1224 2334 1320 ἰσχύν
2386 1248 2525 1294 σου
2569 1225 2728 1301 κτλ.
2828 1229 2923 1298 IV
2969 1231 3135 1322 Reg.

989 1341 1112 1423 15,
1162 1341 1288 1410 37:
1336 1329 1663 1436 ἤρξατο
1690 1339 1942 1438 ’κύριος
1982 1334 2543 1424 ἐξαποστέλλειν
2584 1362 2649 1411 et
2695 1345 2791 1410 sic
2816 1367 3041 1437 porro.
3074 1338 3137 1436 *)

975 1456 1459 1549 Argumentum
1505 1480 1691 1524 meae
1718 1459 2091 1525 'sententiae
2157 1457 2440 1526 tuendae
2488 1482 2626 1526 non
2670 1457 2852 1526 aliud
2895 1460 3133 1543 habeo,

981 1593 1179 1662 quam
1232 1568 1420 1662 quod
1463 1569 1686 1639 multis
1719 1570 2054 1639 videbitur
2084 1571 2523 1655 levissimum,
2576 1572 3134 1641 consuetudinem

978 1681 1446 1752 Alexandrini
1497 1691 1887 1779 interpretis
1956 1690 2127 1754 satis
2196 1704 2668 1764 constantem,
2731 1714 2899 1781 quae
2970 1714 3138 1757 con-

979 1800 1210 1867 stantia
1255 1801 1311 1866 si
1350 1802 1596 1893 passim
1644 1800 2060 1869 desideretur
2117 1804 2190 1869 in
2239 1800 2405 1871 locis
2457 1805 2971 1872 intricatioribus
3021 1821 3132 1871 aut

974 1912 1145 1980 male
1194 1914 1477 1998 affectis,
1541 1940 1690 1986 raro
1743 1913 1855 1986 aut
1899 1911 2240 2012 nunquam
2285 1917 2511 1987 deficit
2556 1920 2630 1984 in
2681 1942 2934 1984 summa
2980 1942 3131 1986 ver-

972 2029 1213 2096 borum
1268 2030 1752 2099 Hebraicorum
1812 2032 2228 2124 simplicitate
2292 2052 2402 2101 aut
2460 2034 2949 2126 perspicuitate.
3048 2031 3129 2097 In

969 2141 1228 2236 legibus
1278 2164 1494 2213 autem
1515 2196 1536 2228 ,
1589 2147 1831 2240 quibus
1879 2147 2278 2215 Versionum
2330 2148 2748 2239 antiquarum
2788 2126 2942 2215 usus
2995 2165 3128 2216 tam

972 2261 1236 2332 criticus
1301 2275 1502 2353 quam
1561 2261 2093 2330 hermeneuticus
2161 2258 2603 2351 adstringatur
2664 2285 2937 2327 necesse
2994 2279 3126 2342 est,

967 2375 1416 2467 principatum
1461 2376 1655 2444 facile
1696 2395 1880 2444 tenet
1926 2370 2038 2457 ea',
2103 2401 2234 2468 qua
2287 2376 2413 2442 viri
2464 2373 2645 2441 docti
2691 2392 3123 2442 monuerunt:

972 2511 1114 2554 non
1165 2488 1425 2556 debere
1488 2493 1765 2582 singula
1828 2489 2296 2557 tantummodo
2366 2489 2896 2556 translationum
2941 2504 3125 2556 vete-

968 2629 1115 2669 rum
1172 2604 1325 2670 loca
1392 2619 1642 2673 temere
1703 2607 2030 2699 decerpta
2092 2630 2258 2678 cum‘
2298 2621 2491 2670 textu
2538 2628 2736 2671 sacro
2787 2607 3120 2691 conferri,

964 2718 1101 2785 sed.
1147 2725 1538 2814 priusquam
1607 2721 1759 2788 illas
1829 2723 1962 2790 vel·
2002 2712 2450 2787 emendandis
2521 2721 2630 2788 vel
2651 2729 2666 2756 ⁸
2693 2718 3121 2787 illustrandis

963 2833 1288 2901 librorum
1334 2836 1718 2902 divinorum
1767 2837 1933 2903 locis
1976 2833 2507 2927 impeditioribus
2544 2834 2911 2929 adhiqem,
2962 2838 3119 2899 uni-

965 2973 1225 3017 versum
1286 2975 1518 3018 earum
1581 2957 1935 3045 ingenium
2006 2955 2306 3017 curatius
2375 2949 2906 3017 examinandum
2971 2972 3119 3015 esse

962 3089 1046 3132 ac
1108 3064 1663 3145 diiudicandum,
1751 3084 1827 3135 ut
1908 3092 2109 3162 quam
2173 3071 2390 3133 secuti
2437 3045 2728 3153 fuerint
2799 3077 3114 3128 auctores

962 3182 1470 3271 interpretandi
1538 3190 1882 3251 rationem
1947 3206 2325 3273 cognoscas
2384 3185 2787 3272 penitusque
2853 3179 3113 3268 perspi·

961 3297 1103 3358 cias
1125 3290 1238 3378 *Ἴ
1336 3298 1589 3364 Verum
1615 3298 1889 3390 quidem
1925 3316 2059 3383 est,
2102 3300 2173 3363 in
2208 3296 2476 3362 Iudaica
2507 3294 2896 3360 recensione
2936 3292 3112 3400 Penj-

957 3410 1247 3475 tateuchi
1295 3412 1515 3478 omnia
1562 3411 1770 3477 oculis
1804 3414 2043 3479 nostris
2079 3412 2349 3492 subiici,
2400 3429 2473 3477 ut
2500 3432 2698 3475 nemo
2726 3409 2853 3474 nisi
2883 3406 3107 3474 luscus

957 3541 1069 3590 aut
1112 3548 1344 3592 caecus
1395 3524 1683 3619 aliquam
1729 3525 2032 3594 voculam
2078 3523 2573 3618 praetervidere
2619 3525 2867 3619 possit:
2946 3545 3108 3588 con-

952 3656 1054 3705 tra
1101 3663 1258 3708 vero
1311 3639 1478 3733 quid
1522 3639 1712 3709 LXX
1758 3643 1832 3707 in
1862 3665 1981 3709 suo
2018 3639 2271 3709 Codice
2304 3641 2509 3708 Hebr.
2547 3638 3105 3734 legerintnemini

997 3884 1046 3955 ¹¹)
1084 3884 1404 3954 Conspirare
1435 3884 1649 3938 videtur
1682 3884 2023 3938 Hebraismus
2061 3887 2119 3939 in
2158 3886 2242 3939 his
2280 3887 2523 3940 formulis
2561 3902 2679 3937 cum
2708 3885 3013 3938 Graecitate
3046 3889 3104 3934 et
3215 3885 3221 3890 '

1087 3968 1405 4035 Latinitate,
1442 3965 1593 4023 cuius
1633 3973 1712 4024 rei
1746 3990 1927 4025 causas
1959 3974 2048 4025 hie
2081 3983 2192 4025 non
2228 3973 2680 4041 investigabimus.
2752 3972 2957 4024 Placuit
2987 3970 3101 4019 Ko-

1087 4054 1273 4110 heleth
1308 4058 1596 4125 ἑλληνίζων
1633 4060 1762 4111 olim
1814 4061 1936 4113 viro·
1979 4060 2139 4115 docto
2178 4062 2244 4115 G.
2285 4060 2455 4113 Zirkel
2478 4100 2493 4124 ,
2548 4061 2635 4114 vix
2673 4076 2906 4129 unquam
2940 4057 3098 4109 alicui

1086 4141 1323 4212 placebit
1355 4146 1534 4198 Moses
1571 4146 1875 4215 ἑλληνίζων.

975 4256 1046 4323 “)
1086 4252 1174 4305 Sic
1207 4257 1409 4323 optime
1432 4258 1686 4310 Winerus
1722 4258 1792 4310 de
1826 4259 2105 4313 versionis
2138 4249 2484 4314 Peutaikuchi
2519 4257 2882 4312 Samaritanae
2912 4251 3095 4308 indole

1079 4341 1222 4414 Lips.
1264 4345 1423 4412 1817,
1458 4360 1575 4413 pag.
1611 4361 1627 4394 ι
1663 4354 1717 4397 et
1741 4362 1788 4398 a.
