3550 5167
1132 534 1291 625 cap.
1343 528 1450 603 11.
1550 533 1667 602 1²5.
1691 465 1699 488 χ
1721 530 1842 604 69.
2444 507 2559 602 '53

362 719 370 732 ⁸
420 719 657 806 noi-um
703 728 914 826 plena*
953 730 1281 813 centuria,
1346 720 1634 800 adeo'ut
1681 727 2004 797 librorum
2046 725 2287 798 iisdem
2326 753 2558 798 caren-

421 848 582 914 tium
626 847 712 915 sit
759 847 927 914 mira
968 847 1299 939 paucitas,
1350 837 1657 940 (forsitan
1710 841 1841 914 141
1868 896 1890 927 ,
1918 847 2079 916 281
2136 894 2152 913 .
2194 837 2257 936 .)
2304 846 2564 914 haben-

415 979 527 1030 tur
588 964 749 1030 item
814 963 887 1027 in
947 962 1383 1030 Versionihus
1442 961 1645 1029 Arab.
1712 978 1782 1028 et
1837 960 2033 1027 Aetli.
2104 962 2177 1027 in
2242 960 2569 1030 Psalterio

415 1075 709 1145 Romano
760 1096 826 1148 et
874 1075 1237 1146 Gallicano.
1334 1065 1823 1144 Alexandrinus
1885 1076 1997 1144 hie
2045 1077 2183 1143 hiat
2230 1071 2325 1160 *),
2393 1077 2564 1143 Gra-

416 1191 566 1260 hius
616 1190 732 1258 illa
794 1192 996 1268 verba
1055 1192 1178 1259 sub
1226 1192 1559 1259 Asterisco
1629 1192 1904 1283 recepit.
2016 1191 2170 1258 Non
2233 1191 2563 1260 habentur

415 1309 491 1375 in
535 1306 868 1375 Psalteriis
916 1308 1162 1375 Latinis
1204 1307 1336 1375 illis
1355 1357 1376 1389 ,
1428 1330 1718 1400 quorum
1761 1324 1973 1374 textus
2018 1306 2563 1399 Hieronymianas
2604 1315 2621 1334 ⁴

421 1423 865 1492 correctiones
932 1424 1151 1490 minus
1195 1441 1504 1516 expertus
1569 1440 1698 1504 est,
1738 1440 1930 1515 ‚puta
1972 1420 2248 1487 SGerm.
2293 1421 2562 1488 Carnut.
2666 1471 2671 1476 -

419 1537 622 1604 Corb.
683 1543 828 1605 nec‘
872 1536 1053 1630 apud
1110 1538 1385 1631 August·-
1433 1536 1639 1605 Hilar.
1687 1563 1816 1603 nec
1868 1535 2192 1629 denique,
2250 1555 2324 1604 ut
2377 1554 2562 1604 recte

413 1639 765 1721 observant
808 1651 1116 1721 Editores
1155 1653 1466 1734 Romani,
1534 1654 1608 1718 in
1669 1652 2091 1745 Metaphrasi,
2125 1652 2560 1745 Apollinarii,

415 1769 534 1862 qui
577 1785 787 1837 totum
833 1792 1098 1838 versum
1142 1769 1436 1860 primum
1480 1790 1615 1834 uno
1664 1767 2061 1833 Hexametro
2118 1769 2477 1860 expressit,

625 1912 923 2014 Αφὲιτε
971 1909 1310 2007 νωῖτέρην
1360 1906 1748 1998 σκοπιάζεο
1798 1909 2104 1980 πάντ-στ’
2160 1899 2452 2009 ἀρωγήνζ

417 2061 619 2148 Quod
660 2062 746 2130 ad
788 2064 1102 2159 epicrisin
1150 2066 1401 2147 attinet,
1449 2063 1752 2158 prolixus
1800 2065 1944 2136 esse
1992 2062 2171 2134 nolo.
2272 2062 2439 2133 Sunt
2489 2088 2566 2131 ea

410 2180 613 2248 verba
654 2175 849 2276 κύριε
871 2231 891 2262 ,
958 2179 1058 2261 εἰς
1103 2177 1205 2248 τά
1254 2176 1620 2276 βοηθῆσαι
1683 2204 1812 2273 μοι
1875 2177 2238 2264 σπεῦσον,
2303 2205 2564 2249 merum

409 2294 1033 2388 interpolamentum
1078 2296 1437 2393 hexaplare
1459 2348 1479 2381 ‚
1548 2316 1616 2370 et
1657 2316 1756 2366 est
1797 2299 2077 2365 verbum
2126 2285 2561 2363 σπεύδειν
2656 2281 2659 2286 ’

416 2434 571 2476 cum
622 2412 759 2479 eius
824 2414 1213 2508 coniugatis,
1280 2438 1679 2508 quamquam
1743 2412 2090 2507 aliquoties
2165 2412 2430 2481 obvium
2491 2411 2565 2475 in

420 2524 595 2591 Cocl.
646 2525 834 2591 Alex.
905 2544 970 2593 et
1019 2527 1160 2596 aliis
1229 2552 1368 2603 non
1443 2526 1805 2596 admodum
1862 2513 2133 2622 pauciS,⁴
2202 2514 2559 2631 (nusquam

413 2637 486 2703 in
545 2637 846 2704 Psalterii
917 2657 1097 2710 textu
1156 2639 1528 2726 Romano‚)
1598 2643 1680 2706 ab
1749 2668 1871 2707 usu
1942 2660 2008 2709 et
2082 2640 2559 2708 consuetudine

411 2752 598 2818 LXX
647 2753 797 2821 Intt.
847 2755 977 2822 hoc
1025 2771 1155 2836 est,
1207 2755 1344 2820 eius
1394 2755 1553 2836 tiri,
1605 2756 1720 2848 qui
1760 2754 2054 2823 Psalmos
2105 2752 2359 2824 Graece
2401 2753 2562 2824 red-

412 2865 582 2933 didit
604 2917 624 2950 ,
687 2865 884 2962 longe
946 2867 1458 2942 alienissimum:
1519 2863 1850 2961 τάχυνον
1915 2869 2045 2939 illis
2111 2851 2561 2936 conveniebam

408 2981 657 3053 Veram
706 3002 922 3050 autem
982 3001 1047 3051 et
1111 2986 1396 3051 nativam
1459 2987 1859 3080 scripturam
1916 2985 2335 3053 restituemus
2387 2982 2560 3056 tituli

403 3095 733 3193 particula
782 3098 855 3164 in
903 3096 1272 3166 subsidium
1311 3117 1569 3168 vocata:
2558 3177 2575 3212 Ι

707 3275 1312 3296 ......
1411 3226 1510 3308 εἰς
1551 3223 1644 3297 τὸ
1697 3230 1940 3299 σῶσαι
1986 3252 2115 3321 με,
2161 3226 2376 3326 κύριε·
2470 3321 2477 3328 ·

704 3339 746 3412 ὁ
803 3337 1008 3434 θεός,
1059 3342 1159 3433 εἰς
1204 3339 1338 3425 τὴν
1384 3338 1729 3439 βοήθειάν
1780 3368 1922 3436 μου
1968 3341 2310 3442 πρόσχες.
2502 3435 2507 3442 .

408 3469 879 3564 Imperativum
925 3474 1253 3570 aliquem,
1314 3502 1373 3545 v.
1423 3501 1480 3544 c.
1530 3468 1952 3556 Εὐδόκησον
1971 3528 1992 3559 ,
2048 3478 2331 3576 requirit
2369 3476 2573 3568 prior⁴

408 3578 673 3679 στίχος
689 3638 710 3670 ,
760 3585 881 3655 sed
924 3586 1364 3684 deperditum.
1461 3592 1650 3658 LXX
1704 3611 1954 3667 textum
1993 3593 2199 3668 Hebr.
2248 3614 2562 3662 mancum

407 3701 834 3789 invenerunt,
883 3728 1193 3780 mancum
1236 3703 1694 3780 reddiderunt·

410 3927 519 3944 „⁰0-

479 4061 528 4135 ⁶)
564 4063 728 4124 ssiat,
777 4063 1030 4133 inquam,
1071 4065 1169 4118 sed
1202 4064 1467 4121 credibile
1501 4073 1606 4134 cst,
1645 4082 1710 4118 ea
1739 4067 1905 4121 verba
1939 4068 2111 4121 fuisse
2144 4068 2205 4122 in
2241 4067 2428 4141 aliquo
2464 4084 2561 4122 eo-

614 4166 733 4207 rum
769 4165 963 4204 novem
997 4152 1111 4204 fere
1146 4152 1401 4210 foliorum
1423 4189 1442 4217 ‚
1496 4171 1635 4224 quae
1674 4154 1956 4222 petierunt
2000 4155 2129 4208 inde
2175 4174 2205 4207 a
2240 4156 2318 4207 Ps.
2362 4159 2457 4225 49,
2500 4173 2565 4223 ¹9
2630 4151 2637 4160 ¹

613 4252 786 4305 usque
819 4237 886 4290 ad
926 4256 1009 4307 79,
1047 4256 1127 4292 ιι.
1196 4241 1257 4291 Iu
1280 4240 1538 4292 Vaticano
1574 4240 1683 4292 MS.
1722 4257 1841 4291 eam
1879 4244 2193 4310 particulam
2219 4241 2561 4316 postmodum

620 4320 859 4383 additam
898 4324 1100 4391 fuisse,
1134 4331 1403 4382 testantur
1442 4326 1690 4382 Editores
1728 4325 1978 4387 Romani.
