3550 5167
979 534 1071 600 30
1866 529 2259 599 Paradisus.

973 704 1047 798 in
1093 750 1254 815 ις’-,5,
1326 726 1510 824 quod
1567 726 2003 822 significatum
2051 728 2421 793 creationis
2464 750 2555 794 ex
2602 725 2813 795 nihilo
2876 733 2984 798 vix
3047 755 3126 799 ac

976 869 1061 912 ne
1102 846 1210 913 vix
1258 842 1533 937 quidem
1575 843 1876 911 admittit.
1973 842 2165 911 Fecit
2209 839 2286 908 id
2311 840 2707 935 ·aliquoties,
2757 866 2893 939 quo
2922 843 3123 913 tutius

975 961 1319 1030 artificium
1365 960 1616 1027 lateret.
1712 961 1907 1027 Mera
1952 960 2202 1027 somnia
2250 960 2417 1025 haec
2446 958 2668 1028 multis
2701 958 3121 1044 videbuntur,

971 1074 1094 1143 sed
1137 1077 1192 1142 si
1242 1074 1349 1144 vel
1408 1076 1574 1141 mihi
1619 1074 1726 1144 vel
1773 1075 1916 1142 aliis
1968 1076 2350 1168 contigerit,
2412 1074 2858 1143 manifestiora
2899 1099 3124 1143 corre·

970 1192 1261 1259 ctionum
1333 1190 1631 1259 consulto
1699 1190 2019 1259 factarum
2085 1188 2387 1284 exempla
2461 1188 2850 1272 ostendere,
2925 1192 3125 1258 etiam

965 1307 1182 1374 invitis
1231 1332 1531 1374 assensus
1585 1307 2104 1400 extorquebitur.
2160 1302 2163 1306 ’
2202 1306 2292 1374 At
2342 1304 2428 1371 de
2458 1304 2590 1372 illis
2623 1304 2751 1372 alio
2790 1324 3091 1399 tempore
3103 1332 3131 1374 t·

964 1423 1230 1490 interim
1279 1422 1397 1514 qui
1448 1419 1782 1503 dubitant,
1852 1420 2295 1508 recordentur
2343 1442 2589 1514 quaeso
2635 1420 3122 1514 Chronologiae

964 1538 1037 1605 in
1108 1539 1254 1603 vitis
1328 1536 1859 1604 patriarcharum
1924 1535 2091 1605 Gen.
2144 1536 2307 1632 Cap.
2360 1535 2405 1604 5
2433 1553 2518 1603 et
2574 1540 2656 1603 11
2678 1584 2700 1617 ,
2764 1559 2932 1627 quae
2997 1535 3124 1602 alia

967 1668 1067 1719 cst
1110 1653 1183 1717 in
1228 1653 1674 1722 Pentateucho
1725 1652 1984 1724 Gracco
2007 1704 2030 1739 ,
2074 1652 2202 1723 alia
2246 1655 2319 1722 in
2371 1651 2779 1723 Samaritano
2797 1702 2819 1734 ,
2879 1649 3003 1720 alia
3048 1651 3122 1718 in

969 1767 1434 1837 Masorethico.

1532 2219 2559 2316 Paradisus.

1079 2454 1093 2466 =
1159 2426 1371 2507 Quam
1419 2426 1591 2492 viam
1637 2448 1879 2492 novam
1924 2426 1998 2491 in
2047 2423 2322 2492 occultis
2355 2420 2785 2489 artificiorum
2819 2418 3125 2493 Iudaico-

966 2561 1116 2606 rum
1163 2540 1449 2632 vestigiis
1501 2536 1861 2607 odorandis
1922 2541 2257 2633 ingressus
2310 2564 2496 2622 sum,
2564 2562 2713 2606 eam
2768 2563 3137 2634 persequar

954 2677 1082 2747 per
1114 2652 1282 2720 Gen.
1335 2653 1497 2746 Cap.
1520 2654 1596 2719 ΙΙ
1648 2672 1714 2724 et
1757 2655 1890 2721 III.

1161 2766 1676 2837 Consideremus
1734 2768 2155 2839 Paradisum
2225 2771 2766 2838 Masorethicum.
2917 2771 3137 2864 Quum

963 2885 1152 2952 Deus
1203 2884 1463 2951 coelum
1524 2900 1595 2952 et
1650 2901 1909 2952 terram
1947 2889 2288 2975 fecisset,
2353 2886 2576 2953 nullus
2626 2885 2847 2953 adhuc
2874 2890 3138 2975 frutex

965 3017 1118 3066 erat
1149 3005 1225 3066 in
1264 3016 1479 3077 terra,
1530 3000 1722 3068 nulla
1747 3001 1973 3069 adhuc
2012 3002 2225 3070 herba
2256 3002 2723 3095 germinabat,
2774 3026 2920 3068 non
2954 3007 3138 3069 enim

961 3115 1234 3206 pluerat
1279 3142 1484 3209 super
1523 3133 1783 3186 terram
1832 3119 2022 3186 Deus
2063 3168 2080 3185 .
2136 3173 2152 3190 .
2206 3167 2222 3184 .
2271 3118 2398 3185 sed
2491 3116 2759 3186 Nebula
2806 3117 3135 3184 ascende-

967 3228 1084 3320 bat
1127 3253 1165 3293 e
1217 3246 1411 3297 terra
1454 3233 1524 3299 et
1574 3225 1918 3325 irrigabat
1947 3257 2214 3300 omnem
2244 3237 2517 3321 faeiem
2553 3248 2802 3299 terrae.
2900 3233 2982 3300 In
3030 3234 3132 3302 his

966 3368 1122 3411 sane
1191 3362 1330 3426 est,
1400 3346 1589 3439 quod
1658 3349 1942 3415 mireris.
2038 3348 2306 3415 Nebula
2353 3348 2457 3416 vel
2519 3351 2576 3416 si
2621 3349 2823 3415 mavis
2866 3350 3135 3416 Humor

970 3479 1081 3531 aut
1129 3462 1208 3533 V
1193 3483 1366 3554 apor
1411 3454 1514 3554 *)‚
1581 3461 1774 3556 isque
1838 3461 1947 3532 vel
2003 3464 2438 3531 crassissimus
2494 3461 2799 3556 pondere
2841 3485 2959 3531 suo
3004 3465 3133 3532 ho-

1091 3711 1136 3764 E
1171 3728 1230 3764 re
1267 3719 1451 3765 nostra
1487 3718 1574 3766 est
1597 3713 1863 3766 excitatus
1886 3712 1967 3766 ibi
1995 3713 2148 3767 locus
2171 3714 2429 3786 Procopii
2456 3715 2665 3769 Gazaei
2690 3715 3043 3768 Commentar.
3072 3715 3134 3767 in

1100 3800 1359 3853 Genesin.
1436 3798 1512 3855 Τό
1552 3791 1668 3874 γὰρ
1706 3802 2087 3869 ἐποίησεν,
2126 3793 2313 3868 ἐπειδὴ
2348 3803 2563 3875 λέγεται
2594 3805 2710 3856 καὶ
2741 3802 2860 3857 ἐπὶ
2892 3801 3028 3859 τῶν
3063 3802 3133 3855 ἐκ

1102 3878 1307 3948 τινὸς
1338 3906 1504 3959 γιγν
1521 3891 1841 3961 operm,
1876 3878 2002 3944 οἷον
2026 3884 2114 3943 ὅτι
2140 3889 2201 3944 ἐκ
2226 3889 2458 3961 σιδήρου
2488 3890 2772 3959 δρέπανον
2802 3888 2836 3956 ἦ
2866 3909 2921 3944 τι
2944 3886 3132 3942 τοιοῦ-

1109 3991 1212 4029 τον
1243 3973 1278 4027 ὅ
1313 3980 1555 4045 τεχνίτης
1587 3977 1847 4043 ἐποίησε,
1884 3975 2090 4031 δέδωκε
2123 3979 2240 4030 τισὶ
2272 3976 2445 4048 λαβὴν
2476 3975 2575 4029 τοῦ
2608 3978 2818 4049 λέγειν,
2862 3974 2937 4038 ὥς
2957 3980 3131 4028 Μωυ-

1113 4058 1213 4125 σῆς
1250 4062 1308 4122 ἐξ
1343 4065 1679 4134 ,Αἰγυπτίων
1721 4059 1931 4136 μαθών
1980 4064 2052 4125 ἐξ
2097 4060 2260 4130 ὕλης
2303 4067 2794 4137 προκειμένης
2833 4063 3170 4150 γεγονέναῇι

1106 4137 1169 4200 τὸ
1220 4147 1339 4202 πᾶν
1352 4187 1372 4214 ,
1426 4149 1643 4212 εἰκότως
1691 4151 1850 4208 εἶπεν
1898 4152 2245 4219 ἐποίησεν.
2309 4140 2414 4207 Ὧν
2457 4147 2791 4223 ἇγνοοϋντες
2825 4143 2926 4215 τὴν
2961 4162 3131 4203 συκο-

1109 4237 1360 4306 φαντίαν
1396 4239 1455 4290 οἱ
1483 4238 1944 4309 commanente,
1978 4238 2009 4293 ἑ
2023 4258 2068 4294 π
2086 4257 2115 4294 o
2134 4243 2159 4291 t
2171 4259 2202 4306 η
2223 4253 2346 4296 osv
2383 4238 2567 4295 εἶπαν.

1013 4321 1062 4392 ’)
1106 4322 1292 4392 Vapor·
1326 4322 1421 4373 ille
1448 4323 1595 4376 ‘adeo
1631 4326 1908 4395 displicuit
1942 4324 2215 4390 Sandiae,
2267 4333 2330 4380 ut
2377 4325 2665 4395 negatione
2695 4323 2922 4394 repetita
2961 4339 3127 4396 expo-
