3550 5167
1131 552 1292 642 Cap.
1349 551 1461 623 II.
1559 552 1673 621 Ps.
1718 551 1839 622 86.
2458 552 2573 633 59,

410 749 673 818 braicus
743 755 962 819 autem
1020 765 1233 817 tex-tus
1297 745 1619 841 Aquilae,
1686 745 2207 830 Theodotionis,
2255 746 2555 843 Symma-

414 865 556 946 chi,
629 864 1057 958 Hieronymi,
1127 866 1198 931 in
1249 883 1567 957 quantum
1612 887 1722 932 res
1790 865 1946 933 sciri
2005 881 2261 960 potest,
2324 863 2555 933 leviter

408 978 628 1048 differt
674 979 758 1045 ab
807 978 1158 1047 hodierno.

598 1095 704 1160 Ps.
747 1091 877 1176 86,
927 1096 975 1163 5
1073 1092 1334 1188 Μήτηρ
1383 1090 1572 1164 Σιὼν
1631 1091 1818 1192 ἐρεῖ,
1886 1091 2092 1190 Syrus
2170 1122 2381 1207 Κφρει-ξς
2430 1092 2552 1182 hol

404 1205 601 1317 acb,
663 1207 786 1276 sed
832 1210 905 1275 in
945 1212 1237 1303 margine
1261 1210 1450 1277 LXX
1502 1210 1987 1306 Interpretibus
2037 1210 2362 1304 [intellige
2411 1231 2553 1278 tex-

406 1345 550 1393 tum
610 1320 1073 1417 hexaplarem]
1145 1326 1508 1393 attribuens
1572 1322 1862 1439 X<zm-133
1914 1322 2116 1414 βοὶ)
2186 1328 2254 1393 h.
2302 1352 2359 1393 e.
2426 1321 2553 1402 Μὴ

402 1442 497 1535 τῇ
537 1436 724 1508 Σιὼν
773 1437 933 1512 κτλ.
979 1439 1240 1509 addens
1283 1459 1351 1510 et
1391 1442 1876 1511 Theodotionis
1938 1443 2553 1534 interpretationem

404 1560 598 1646 &olm
654 1552 991 1668 αισᾎὲο
1051 1557 1117 1625 h.
1170 1580 1227 1623 e.
1275 1549 1403 1622 καὶ
1450 1556 1545 1650 τῆ
1592 1553 1781 1625 Σιὼν
1831 1554 2286 1652 ῥηθήσεται,
2335 1575 2410 1625 ut
2455 1574 2555 1625 est

408 1672 590 1767 apud
638 1670 875 1739 Montf.
996 1672 1381 1738 Consonant
1443 1690 1640 1740 testes
1711 1673 1785 1738 in
1864 1677 2104 1740 matris
2172 1674 2509 1741 mentione
2532 1722 2553 1752 ‚

406 1790 534 1856 nisi
585 1785 769 1882 quod
793 1783 1111 1879 Vulgatus
1159 1786 1363 1854 habet
1386 1784 1716 1880 Nunquid
1745 1781 2201 1869 Sioni'dicet,
2250 1785 2325 1854 id
2368 1785 2556 1881 quod

403 1903 811 1996 Hieronymo
863 1901 1145 1967 debetur
1192 1901 1569 1983 affirmanti,
1640 1902 1829 1968 LXX
1877 1898 2054 1991 μήτι
2101 1896 2290 1970 Σιὼν
2338 1920 2554 1969 trans-

407 2017 652 2087 tulisse.
752 2018 975 2085 Habet
1025 2014 1258 2085 Codex
1306 2015 1543 2110 aliquis
1597 2016 2041 2085 Coislinianus
2092 2015 2275 2111 apud
2313 2016 2553 2084 Montf.

373 2133 579 2199 ‘hanc
619 2151 843 2199 notam
889 2130 1237 2219 (mendose
1290 2134 1649 2199 exhibitam
1695 2134 1768 2200 in
1801 2131 1989 2219 Sixt.)
2038 2130 2300 2225 Μήτηρ
2328 2127 2551 2212 Σιών,

305 2336 309 2340 4
402 2240 495 2313 τὸ
541 2241 656 2340 ῥῶ
710 2241 906 2313 κατὰ
963 2246 1360 2342 προςὲήκην
1408 2238 1633 2315 ἔκειτο
1683 2246 1781 2326 εἰς
1830 2245 1963 2327 τὴν
2002 2248 2148 2316 τῶν
2200 2243 2279 2314 O'
2330 2247 2407 2315 ἐν
2451 2247 2556 2336 τῷ

402 2353 916 2456 τετρασελίδῳ·
984 2358 1059 2434 ἐν
1119 2353 1202 2432 δὲ
1261 2365 1366 2456 τῷ
1421 2354 1874 2456 ὀκτασελίδῳ
1941 2360 2052 2454 μὴ
2123 2365 2230 2458 τῇ
2287 2357 2553 2445 Σιών,

401 2472 612 2568 ἤγουν
653 2469 843 2571 δίχα
888 2480 1025 2546 τοῦ
1065 2471 1197 2574 ῥῶ.
1295 2480 1631 2562 Efficitur,
1684 2479 1871 2574 quod
1921 2500 2061 2548 erat
2107 2481 2179 2547 in
2217 2477 2553 2573 Tetraplis

400 2595 663 2690 Μήτηρ
705 2587 933 2673 Σιών,
997 2590 1406 2660 emendatius
1464 2597 1785 2661 exstitisse
1834 2596 1907 2661 in
1957 2594 2309 2688 Hexaplis,
2382 2615 2554 2687 quae

406 2712 477 2778 in
523 2707 796 2775 Psalmis
846 2706 935 2774 oh
984 2704 1328 2774 adiunctas
1376 2708 1887 2801 Anonymorum
1933 2710 2288 2789 versiones,
2342 2709 2553 2790 Quin-⁶

403 2843 536 2895 tam
581 2839 646 2889 et
675 2821 959 2902 Sextam,
1013 2822 1208 2890 etiam
1237 2820 1518 2914 Ocjtapla
1564 2841 2049 2915 nuncupantur.
2113 2822 2555 2915 Aequiescam

402 2943 477 3008 in
526 2932 656 3028 Μὴ
705 2936 801 3029 τῇ
844 2932 1034 3003 Σιὼν
1084 2930 1230 3032 ἐρεῖ
1279 2961 1432 3003 cum
1479 2936 1768 3018 Grabio,
1840 2962 2241 3031 quamquam
2285 2935 2556 3004 mallem

402 3048 551 3123 Καὶ
596 3053 690 3147 τῇ
736 3048 927 3121 Σιὼν
990 3046 1134 3144 ἐρεῖ
1179 3048 1286 3118 vel
1347 3045 1641 3147 ἑρεῖται.
1740 3050 1880 3119 Sed
1928 3051 2111 3119 aliud
2161 3072 2294 3134 est,
2369 3050 2556 3145 quod

400 3172 515 3237 hie
559 3170 848 3237 breviter
912 3168 1273 3235 excussisse
1336 3191 1476 3235 non
1535 3168 1924 3261 poenitebit.
1976 3197 1979 3200 ¹
2023 3168 2218 3235 Putet
2277 3165 2554 3261 aliquis,

400 3286 584 3352 hunc
649 3309 855 3350 unum
912 3280 1137 3349 locum
1195 3281 1475 3350 sollicite
1543 3280 1927 3376 expendens
1946 3333 1967 3367 ,
2027 3307 2166 3350 non
2214 3306 2296 3349 ex
2344 3280 2556 3348 hexa-

397 3398 584 3491 plari
628 3397 775 3465 sed·
802 3422 882 3465 ex
931 3397 1297 3491 tetraplari
1342 3396 1518 3466 libro
1576 3397 1834 3466 Graeco
1906 3397 2146 3467 factam
2193 3396 2348 3492 Syri
2406 3422 2555 3467 ver-

401 3515 676 3582 sionem.
773 3513 865 3581 At.
926 3538 1135 3581 unum
1181 3513 1507 3581 eiusmodi
1557 3500 1944 3609 exemplum
1989 3513 2158 3582 nihil
2207 3511 2419 3594 valet,
2486 3521 2556 3580 et

403 3631 460 3696 si
505 3630 755 3697 valeret
775 3679 797 3711 ,
871 3627 958 3695 de
1020 3630 1327 3698 omnibus
1392 3627 1587 3696 MSS.
1646 3628 1918 3704 Graecis
1980 3628 2587 3725 Versionibusque.

401 3742 694 3812 valeret.
763 3741 1004 3839 Syrum
1055 3769 1210 3812 vere
1261 3743 1395 3810 diei
1442 3741 1901 3837 hexaplarem,
1965 3745 2378 3838 quantumvis
2426 3743 2556 3820 τῆς

399 3854 660 3937 Κοινῆς
724 3861 1109 3940 servaverit,
1179 3856 1445 3925 abunde
1507 3857 1897 3953 intelligitur
1945 3882 2025 3926 ex
2075 3877 2212 3928 tota
2261 3861 2401 3928 eius
2449 3861 2556 3927 in·-

402 3973 579 4042 dole.
675 3961 845 4040 Nam
887 3974 1033 4042 fleri
1073 3973 1291 4067 potuit
1340 3991 1406 4039 et
1452 3972 1698 4041 factum
1745 3993 1880 4056 est,
1943 3993 2018 4043 ut
2064 3993 2317 4044 veteres
2370 3998 2556 4043 erro·-

403 4087 509 4156 res
548 4113 688 4157 non
737 4106 990 4158 tantum
1030 4088 1202 4157 forte
1253 4111 1540 4182 casuque
1589 4091 1661 4156 in
1710 4081 2193 4186 ἀντιγράφοις
2240 4080 2557 4186 διωρθω-

401 4199 640 4291 μένοις
696 4206 1174 4287 retinerentur,
1199 4201 1351 4271 -sed
1400 4202 1964 4298 quemadmodum
2013 4203 2555 4300 indignabundus

363 4315 649 4396 alicubi
704 4305 1136 4417 conqueritur
1187 4320 1666 4417 HieronymuS‚
1741 4315 1937 4393 etiam
1986 4323 2070 4391 ab
2122 4320 2552 4394 oscitantibus
