3550 5167
1152 501 1328 570 Gen.
1381 505 1451 577 I,
1496 500 1615 571 30.
1716 505 1832 580 II,
1879 524 1945 571 2.
2533 510 2624 577 23

449 697 593 765 *illis
661 694 787 765 καὶ
850 692 1098 764 πάντα
1163 690 1441 791 χόρτον
1503 691 1793 789 χλωρὸν
1855 694 1954 774 εἰς
2016 690 2287 792 βρῶσιν
2351 698 2626 792 aliquod

458 815 772 895 verbum,
849 831 1010 905 puta
1080 799 1415 878 δέδωκα
1480 811 1585 877 vel
1642 810 2049 877 simillimum
2113 811 2414 896 addidit,
2481 840 2618 908 quo

457 953 724 994 sensum
765 929 1033 993 iuvaret.
1129 926 1561 991 Meminerint
1595 927 1791 992 huius
1839 927 2269 994 abstinentiae
2311 930 2393 995 ab
2438 932 2621 996 omni

458 1041 954 1134 supplemento,
1002 1042 1117 1133 qui
1147 1030 1809 1116 additamentorum,
1860 1041 2098 1134 quibus
2131 1029 2360 1108 textus
2389 1043 2617 1110 Grae-

455 1180 571 1221 cus
613 1181 761 1222 cum
809 1154 1154 1222 Hebraico
1199 1171 1626 1246 comparatus
1667 1150 1982 1223 abundat
2032 1163 2426 1222 immensam
2471 1182 2616 1223 mo-

452 1271 583 1336 lem
648 1270 981 1337 audaculis
1041 1288 1107 1336 et
1154 1268 1375 1336 sciolis
1425 1268 1710 1335 librariis
1763 1271 2171 1364 exprobrare
2219 1272 2400 1339 haud
2453 1297 2614 1340 con-

450 1388 655 1467 tenti,
708 1384 1020 1453 audacter
1071 1383 1578 1467 calumniantur,
1628 1384 1820 1450 LXX
1868 1386 2017 1452 Intt.
2059 1387 2241 1478 ipsos
2289 1409 2428 1455 non
2468 1407 2615 1455 tan-

446 1495 588 1567 turn
650 1501 938 1593 singulas
996 1499 1299 1583 voculas,
1357 1524 1588 1569 verum
1650 1501 1847 1567 etiam
1910 1502 2196 1593 integras
2254 1505 2610 1569 sententias

447 1638 689 1708 easque
742 1614 1056 1708 plurimas
1105 1617 1306 1683 sacris
1358 1616 1640 1682 textibus
1689 1638 1817 1708 pro
1842 1659 1848 1670 ·
1872 1616 2191 1682 arbitratu
2240 1619 2608 1684 attexuisse.

640 1729 894 1822 Capitis
945 1721 1222 1796 secundi
1269 1732 1485 1822 prima
1532 1731 1808 1798 varietas
1851 1731 2176 1822 insignior
2217 1750 2316 1798 est
2355 1734 2428 1798 in
2460 1757 2610 1800 ver—

440 1837 736 1910 bis'Kai
787 1838 1255 1913 συνετέλεσεν
1302 1843 1344 1911 ὁ
1397 1840 1565 1923 θεὸς
1623 1840 1711 1913 ἐν
1770 1847 1882 1938 τῇ
1927 1836 2204 1940 ἡμέρα
2247 1837 2453 1941 ἕκτῃ
2502 1844 2607 1912 τὰ

438 1950 609 2050 ἔργα
653 1954 925 2044 αὐτοῦ,
970 1959 1152 2054 apud
1187 1961 1455 2027 Latinos
1502 1962 1598 2027 Et
1646 1943 2132 2027 consummavit
2169 1959 2337 2026 deus
2372 1965 2446 2026 in
2488 1960 2603 2027 die

435 2088 634 2166 sexto
680 2098 888 2165 opera
935 2098 1102 2150 sua,
1150 2076 1271 2141 ubi
1318 2075 1659 2141 Hebraeus
1712 2079 1789 2141 in
1829 2074 1941 2140 die
1983 2078 2286 2167 septime.
2386 2073 2601 2140 Multa

436 2187 523 2265 de
588 2189 690 2255 his
730 2187 1068 2286 ‘hahentur
1117 2187 1298 2281 apud
1349 2189 1631 2256 Critieos
1671 2207 1735 2255 et
1782 2189 2349 2256 Commentatores
2399 2190 2595 2255 nobis

434 2327 573 2370 non
621 2303 990 2398 repetenda
1037 2297 1121 2394 *).
1223 2302 1432 2370 Sanus
1504 2323 1602 2371 est
1661 2322 1874 2370 textus
1925 2303 2219 2370 Graecus
2261 2321 2338 2370 .et
2381 2305 2601 2367 mani·

430 2416 633 2485 festus
701 2417 999 2484 eiusdem
1066 2442 1420 2485 consensus
1483 2443 1635 2484 cum
1686 2416 2116 2487 Samaritano,
2220 2418 2594 2499 Quaeritur,

430 2549 786 2599 seoetumne
866 2559 950 2598 an
1027 2537 1378 2624 septimum
1462 2532 1640 2598 diem
1709 2533 1854 2623 ipse
1922 2549 2151 2598 auctor
2223 2531 2592 2598 Hebraicus

430 2648 823 2739 scripserit?
921 2646 1436 2714 Commendant,
1464 2646 1788 2712 Graecam
1836 2646 2193 2713 lectionem
2240 2644 2388 2710 loca
2432 2669 2592 2736 par-

430 2759 623 2827 allela
669 2762 792 2827 Ex.
823 2765 936 2830 20.
994 2767 1102 2828 11.
1154 2763 1271 2827 ubi
1332 2762 1638 2827 Hebraeo
1693 2785 2061 2828 consonans
2114 2758 2408 2825 Graecus
2471 2747 2590 2822 lia-

423 2875 542 2942 bet
580 2869 703 2943 Ἐν
734 2870 866 2968 γὰρ
917 2865 997 2955 ἕξ
1048 2870 1409 2966 ἡμέραις
1456 2868 1749 2954 ἐποίησε
1779 2887 1815 2945 ’.
1866 2923 1884 2939 .
1937 2924 1953 2940 .
2003 2869 2129 2939 καὶ
2165 2865 2587 2938 κατέπαυσε

424 2990 533 3082 τῇ
604 2984 894 3083 ἡμέρᾳ
939 2981 1044 3083 τῇ
1117 2979 1466 3082 ἑβδόμῃ
1530 2987 1693 3056 κτλ.
1759 2991 2053 3077 itemque
2102 2988 2219 3067 31,
2272 2989 2381 3067 17,
2433 2987 2586 3077 qui-

423 3105 705 3172 buscum
749 3104 1037 3174 conferri
1084 3121 1366 3197 possunt
1411 3104 1501 3169 ib.
1561 3103 1673 3183 23,
1726 3105 1836 3172 12.
1870 3105 1983 3180 24,
2030 3098 2135 3168 16.
2185 3093 2585 3191 (Ambiguus

355 3195 360 3208 l
426 3238 524 3286 est
570 3218 755 3286 locus
804 3221 923 3286 Ex.
971 3222 1083 3300 13,
1134 3218 1198 3288 6.
1249 3220 1368 3285 ubi
1413 3218 1705 3284 Graecus
1757 3234 1825 3283 et
1851 3217 1996 3283 Vct.
2035 3217 2173 3286 Lat.
2213 3205 2336 3294 ’Ἐξ
2388 3207 2586 3302 ἡμέ-

423 3355 578 3424 ρας
625 3324 884 3402 §omes
912 3326 1184 3424 ἄζυμα·
1237 3335 1346 3429 τῇ
1390 3324 1485 3404 δὲ
1536 3323 1819 3425 ἡμέρα
1866 3332 1970 3424 τῇ
2014 3319 2336 3424 ἑβδόμῃ
2372 3324 2584 3423 ἑορτὴ

421 3441 707 3539 κυρίου,
770 3447 892 3515 sed
940 3450 1146 3517 Hebr.
1212 3475 1364 3517 cum
1414 3449 1684 3515 Hieron.
1746 3448 1819 3511 in
1868 3445 2063 3537 Vulg.
2115 3446 2389 3539 Septem
2437 3443 2586 3510 clie-

424 3562 546 3628 bus
597 3569 883 3631 vesceris
931 3569 1229 3656 azymis,
1282 3580 1354 3632 et
1399 3570 1474 3632 in
1523 3563 1636 3631 die
1684 3549 1968 3653 septimo
2008 3566 2141 3628 erit
2184 3561 2583 3628 solemnitas

412 3730 464 3740 οι,-

471 3812 519 3884 *)
557 3812 754 3864 Locum
789 3820 946 3866 vocat
980 3812 1088 3864 iam
1125 3810 1261 3863 adeo
1295 3829 1327 3863 a
1361 3812 1488 3865 virle
1524 3811 1695 3865 doctis
1732 3814 2026 3874 excussum,
2061 3817 2125 3862 ut
2157 3805 2458 3862 mirandum
2491 3805 2579 3869 sit,

555 3917 586 3950 a
623 3897 782 3950 docto
828 3907 884 3950 et
922 3907 1169 3951 accurato
1208 3895 1407 3949 Critico
1454 3898 1608 3951 illum
1642 3915 1742 3968 pro
1781 3898 1980 3966 insigni
2011 3894 2331 3949 Mutationis
2372 3891 2580 3943 Vocum

554 3985 802 4054 exemplo
845 3985 1067 4048 adduci,
1105 3987 1185 4040 Io.
1222 3984 1541 4057 Buaetotfius
1570 3984 1817 4037 Anticrit.
1855 3984 1972 4035 adv.
2008 3981 2140 4034 Lud.
2175 3981 2427 4051 Cappelli
2461 3978 2578 4028 Cri-

552 4072 713 4123 ticam
750 4087 804 4139 p.
837 4072 959 4140 539.
1027 4071 1185 4122 Diem
1228 4078 1435 4121 sextum
1473 4086 1504 4119 a
1541 4070 1794 4130 Graecis,
1838 4077 2044 4137 *eosque
2089 4067 2441 4136 sequentibus
2479 4065 2576 4116 Sa·

554 4158 862 4222 maritanis,
897 4158 1026 4211 huic
1064 4158 1184 4210 loco
1222 4157 1488 4209 intrusum
1522 4156 1841 4227 pronuntiat
1873 4155 2002 4207 Seb.
2040 4155 2235 4207 Ravius
2271 4154 2582 4212 Exercitatt.

552 4243 620 4296 ad
650 4244 824 4297 Houb.
859 4261 914 4315 p.
951 4244 1064 4300 133.
1134 4243 1215 4299 ef.
1251 4242 1514 4300 Gesenius
1546 4244 1628 4296 De
1664 4243 1820 4300 Pent.
1857 4240 2058 4295 Samot.
2089 4259 2145 4312 p.
2170 4245 2255 4297 50.
