3550 5167
1036 526 1198 620 Cap.
1251 526 1360 595 II.
1458 526 1572 595 Ps.
1626 524 1740 597 47.
1796 526 1914 606 54.
2454 533 2542 607 51

592 718 698 786 Ps.
745 714 880 799 47,
930 718 978 788 9
1071 714 1151 786 ἐν
1199 713 1400 813 μέσῳ
1446 719 1614 789 τοῦ
1659 716 1897 791 λαοῦ
1955 742 2157 810 σου,
2221 739 2551 843 σιΔδδὲρς.

393 832 566 933 „222
621 828 805 922 βοὶ)
868 834 1431 903 consentientibus
1480 833 1756 905 testibus
1804 839 2073 933 optimis
2115 842 2551 936 etplurimis.

251 939 258 946 ‘
393 947 535 1018 Sed
584 968 686 1017 est
729 950 844 1015 hic
894 967 1183 1017 vetustus
1230 948 2029 1044 παραγραμματισμός.
2123 955 2330 1025 Recte
2379 960 2549 1028 Gra-

393 1064 543 1132 bius
593 1064 671 1133 ἐν
710 1059 912 1155 μέσῳ
932 1064 1128 1140 ,τοῦ
1165 1058 1397 1132 ναοῦ
1444 1086 1616 1134 σου
1665 1085 1741 1136 ut
1787 1069 2038 1139 habent
2082 1070 2278 1140 MSS.
2329 1075 2547 1142 Holm.

392 1182 520 1263 27,
566 1173 741 1271 (144
792 1203 876 1248 ex
929 1171 1132 1270 corr.)
1189 1178 1399 1269 (156,
1454 1183 1595 1254 188
1644 1206 1727 1250 ex
1772 1182 1999 1278 Vulg.)
2051 1183 2213 1258 274.
2328 1189 2548 1259 Docet

391 1295 590 1363 etiam
634 1294 747 1361 hic
812 1293 1037 1377 locus,
1112 1296 1186 1362 in
1249 1296 1688 1379 membranis,
1762 1295 1926 1368 licet
1987 1325 2217 1370 omncs
2265 1304 2401 1372 sint
2443 1305 2551 1372 in·-

388 1409 601 1477 sectae
649 1412 1179 1479 correctionibus
1236 1410 1706 1506 hexaplaribns
1724 1464 1747 1496 ,
1819 1432 2040 1482 tamen
2085 1410 2332 1485 menda
2379 1422 2549 1487 resi-:-

387 1524 587 1609 dere,
631 1508 801 1620 quae
847 1544 1146 1596 veterum
1193 1528 1563 1594 scribarum
1610 1528 1842 1598 oculos
1884 1529 2192 1625 fugerint.
2297 1536 2545 1620 Quam-

388 1666 589 1734 quam
650 1640 1008 1709 excusandi
1069 1642 1276 1734 gratia
1337 1640 1475 1709 dici
1540 1661 1798 1736 potest,
1870 1644 2051 1712 haud
2117 1673 2331 1741 pauca
2390 1651 2544 1719 vitia

384 1757 515 1823 iam
566 1772 863 1825 correcta
906 1755 1318 1849 postliminio
1366 1754 1664 1825 rediisse.
1705 1779 1714 1786 ’
1764 1758 2052 1827 Librarii
2083 1759 2326 1832 multos
2358 1766 2544 1833 psal-

380 1897 527 1942 mos
577 1873 683 1971 ob·
717 1871 1136 1966 frequentem
1185 1896 1379 1939 usum
1427 1849 1945 1941 ecclesiasticum
1993 1878 2313 1944 memoria
2355 1896 2543 1947 tene-

380 1988 582 2057 bant:
628 1989 960 2055 mirumne
1009 2004 1144 2069 est,
1219 1988 1277 2055 si
1323 1989 1397 2055 in
1454 1987 1817 2057 scribendo
1877 1991 2149 2085 antiqua
2214 2010 2282 2059 et
2336 2017 2539 2076 nova,

380 2120 454 2172 ut
492 2102 739 2170 alicubi
775 2104 1218 2196 'conqueritur
1257 2104 1735 2198 Hieronymus,
1786 2124 2035 2174 temere
2082 2108 2539 2177 miscuerunt?

573 2218 679 2284 Ps.
730 2214 864 2300 54,
914 2219 1002 2287 15
1100 2212 1565 2286 Ἐλὲέτω
1632 2215 2097 2305 θάνατος,
2186 2219 2332 2316 Syr.
2401 2223 2536 2313 lli-³

375 2338 568 2425 llam
615 2335 811 2407 &hoc-t
891 2333 957 2400 h.
1008 2356 1066 2401 e.
1129 2327 1407 2401 ἐλθέτω
1458 2325 1560 2411 δὴ
1610 2330 1985 2421 θάνατος,
2052 2355 2125 2404 ut
2176 2338 2427 2405 hahent
2476 2340 2534 2405 C

375 2449 517 2516 fere
558 2448 753 2517 MSS.
804 2446 1022 2516 Holm.
1076 2448 1340 2542 Compl.
1372 2448 1559 2537 ‚Ach
1619 2443 1786 2542 (sed
1847 2450 2174 2545 Origenes
2243 2441 2342 2520 δὲ
2404 2477 2532 2546 pro

373 2557 487 2644 δὴ
534 2564 711 2632 Edit.
762 2562 848 2630 dc
896 2561 963 2629 la
1011 2547 1152 2629 Rue
1200 2564 1306 2646 ΙΙ,
1359 2564 1523 2635 579.
1575 2566 1709 2648 111,
1763 2566 1896 2651 55,
1966 2564 2088 2635 sed
2137 2568 2390 2662 absque
2442 2558 2531 2646 δὴ

374 2678 562 2748 Alex.
639 2696 707 2748 et
768 2668 1071 2769 Veron.)
1142 2676 1701 2746 concordantibus
1769 2680 1844 2744 in
1931 2679 2253 2748 veniendi
2324 2685 2532 2752 verbo

372 2792 827 2889 ApollinariO,

466 2904 613 2977 εἴθ’
658 2904 887 2976 ὀλοῶν
929 2889 1185 2975 ἔλθοι
1233 2901 1664 2991 θάνατος,
1716 2900 1989 3005 σφίσιν
2038 2898 2232 2990 ἄξιος
2279 2900 2526 3005 ἔργων,

369 3029 663 3120 itemque
710 3026 828 3092 Ar.
870 3024 1061 3093 Aeth.
1126 3041 1193 3092 et
1249 3023 1584 3093 Psalteriis
1647 3025 1897 3092 Latinis
1955 3024 2251 3093 Romano
2272 3076 2293 3106 ,
2356 3025 2527 3092 Cor-s

366 3142 621 3210 beiensi
641 3191 662 3224 ,
711 3138 1235 3222 Mediolanensi,
1302 3139 1729 3222 Carnutensi,
1803 3137 2181 3222 Gallicano,
2248 3140 2522 3232 August.

222 3243 232 3260 ’
365 3256 674 3326 Ambros.
727 3254 1023 3324 Cassiod.
1071 3255 1345 3324 Hilario.
1443 3255 1521 3322 In
1589 3273 1769 3324 tanto
1823 3278 2152 3323 consensu
2202 3255 2370 3323 nihil
2424 3259 2523 3324 vi-

365 3371 562 3441 detur
624 3370 887 3445 obstare
943 3388 1287 3464 receptae,
1356 3388 1503 3440 utut
1560 3381 1704 3439 non
1763 3389 2114 3465 appareat,
2188 3395 2323 3465 quo
2373 3365 2529 3437 iure‘

362 3487 569 3554 Hebr.
626 3508 857 3562 nnn-eur·
919 3510 958 3552 a
1015 3485 1203 3553 LXX
1266 3486 1362 3553 sic
1422 3484 1765 3553 transferri
1825 3486 2138 3578 potuerit.
2251 3483 2524 3552 Scilicet

358 3600 771 3669 Psalmorum
826 3598 1176 3670 translator
1192 3650 1215 3683 ,
1280 3617 1355 3669 ut
1414 3599 1529 3668 alii
1591 3598 1677 3666 de
1740 3622 2022 3667 numero
2084 3599 2268 3666 LXX
2336 3600 2519 3691 iique

357 3717 608 3810 passim
650 3718 847 3784 etiam
893 3718 1137 3810 magis,
1186 3739 1225 3783 a
1271 3739 1429 3788 vero
1477 3738 1677 3782 sensu
1725 3731 1939 3781 textus
1988 3711 2194 3782 Hebr.
2245 3713 2516 3781 aberra-

356 3832 483 3912 vit,
532 3832 750 3925 impar
805 3828 944 3898 ille'
981 3830 1500 3899 intricatioribus
1536 3826 2010 3928 ,locutionibus
2072 3827 2357 3896 feliciter
2398 3852 2515 3895 ex-

353 3944 729 4041 pediendis.
824 3945 1028 4013 Recte
1089 3943 1163 4011 id
1225 3945 1296 4010 in
1344 3945 1755 4029 universum3
1825 3942 1946 4011 sed
2008 3942 2185 4011 iuvat
2242 3943 2374 4010 hoc
2439 3945 2511 4011 in

355 4059 507 4130 loco
557 4058 881 4129 dubitare.
978 4060 1275 4127 Primum
1327 4060 1504 4128 enim
1552 4082 1661 4127 res
1710 4057 1986 4151 quidem
2028 4056 2189 4124 levis
2240 4075 2340 4125 est
2387 4057 2509 4126 scd

354 4174 535 4243 haud
580 4176 854 4271 indigna
904 4176 1139 4245 Critici
1186 4176 1542 4243 attentione
1563 4223 1584 4256 ,
1652 4172 1840 4269 quod
1886 4198 2092 4266 quum
2140 4171 2297 4242 alibi
2344 4173 2505 4240 Ale-

354 4289 711 4362 randi-inus
732 4269 777 4377 ,s
802 4293 1207 4364 Veronensis
1253 4307 1318 4360 et
1354 4289 1466 4359 alii
1491 4288 1665 4360 MSS
1714 4313 1853 4360 non
1896 4283 2258 4360 admodum
2305 4290 2501 4385 pauci
