<?xml version="1.0" encoding="UTF-8"?>
<!DOCTYPE html PUBLIC "-//W3C//DTD XHTML 1.0 Transitional//EN"
    "http://www.w3.org/TR/xhtml1/DTD/xhtml1-transitional.dtd">
<html xmlns="http://www.w3.org/1999/xhtml" xml:lang="en" lang="en">
 <head>
  <title>
</title>
<meta http-equiv="Content-Type" content="text/html;charset=utf-8" />
  <meta name='ocr-system' content='tesseract 3.04.00' />
  <meta name='ocr-capabilities' content='ocr_page ocr_carea ocr_par ocr_line ocrx_word'/>
</head>
<body>
  <div class='ocr_page' id='page_1' title='image "./lectionesalexan00plgoog_0032.png"; bbox 0 0 3550 5167; ppageno 0'>
   <div class='ocr_carea' id='block_1_1' title="bbox 994 496 2294 575">
    <p class='ocr_par' dir='ltr' id='par_1_1' title="bbox 994 496 2294 575">
     <span class='ocr_line' id='line_1_1' title="bbox 994 496 2294 575; baseline -0.007 -3"><span class='ocrx_word' id='word_1_1' title='bbox 994 506 1091 572; x_wconf 74' lang='lat'>22</span> <span class='ocrx_word' id='word_1_2' title='bbox 1830 499 2008 568; x_wconf 82' lang='lat' dir='ltr'>Gen.</span> <span class='ocrx_word' id='word_1_3' title='bbox 2061 502 2130 575; x_wconf 78' lang='grc' dir='ltr'>Ι,</span> <span class='ocrx_word' id='word_1_4' title='bbox 2175 496 2294 568; x_wconf 82' lang='grc' dir='ltr'>3ο.</span> 
     </span>
    </p>
   </div>
   <div class='ocr_carea' id='block_1_2' title="bbox 993 685 3159 4350">
    <p class='ocr_par' dir='ltr' id='par_1_2' title="bbox 994 685 3159 2828">
     <span class='ocr_line' id='line_1_2' title="bbox 1458 685 2677 789; baseline -0.002 -27"><span class='ocrx_word' id='word_1_5' title='bbox 1458 685 1503 762; x_wconf 81' lang='grc' dir='ltr'>ὃ</span> <span class='ocrx_word' id='word_1_6' title='bbox 1543 686 1698 789; x_wconf 74' lang='grc' dir='ltr'><em>ἔχει</em></span> <span class='ocrx_word' id='word_1_7' title='bbox 1742 689 1821 762; x_wconf 75' lang='grc' dir='ltr'>ἐν</span> <span class='ocrx_word' id='word_1_8' title='bbox 1866 694 2102 784; x_wconf 71' lang='grc' dir='ltr'><strong>ἑαυτῷ</strong></span> <span class='ocrx_word' id='word_1_9' title='bbox 2148 688 2421 769; x_wconf 73' lang='grc' dir='ltr'><em>πνοὴν</em></span> <span class='ocrx_word' id='word_1_10' title='bbox 2469 686 2677 777; x_wconf 74' lang='grc' dir='ltr'>ζωῆς</span> 
     </span>
     <span class='ocr_line' id='line_1_3' title="bbox 1453 809 2718 907; baseline -0.001 -31"><span class='ocrx_word' id='word_1_11' title='bbox 1453 811 1641 904; x_wconf 81' lang='lat' dir='ltr'>quod</span> <span class='ocrx_word' id='word_1_12' title='bbox 1683 809 1886 876; x_wconf 74' lang='lat' dir='ltr'>habet</span> <span class='ocrx_word' id='word_1_13' title='bbox 1936 814 2014 876; x_wconf 81' lang='lat' dir='ltr'>in</span> <span class='ocrx_word' id='word_1_14' title='bbox 2056 833 2131 875; x_wconf 82' lang='lat' dir='ltr'>se</span> <span class='ocrx_word' id='word_1_15' title='bbox 2177 813 2490 907; x_wconf 62' lang='lat' dir='ltr'>spiritugn</span> <span class='ocrx_word' id='word_1_16' title='bbox 2538 814 2718 876; x_wconf 78' lang='lat' dir='ltr'>vitae</span> 
     </span>
     <span class='ocr_line' id='line_1_4' title="bbox 996 921 3148 1019; baseline 0.001 -28"><span class='ocrx_word' id='word_1_17' title='bbox 996 923 1196 1017; x_wconf 80' lang='lat' dir='ltr'>plane</span> <span class='ocrx_word' id='word_1_18' title='bbox 1247 942 1321 992; x_wconf 83' lang='lat' dir='ltr'>nt</span> <span class='ocrx_word' id='word_1_19' title='bbox 1372 924 1547 991; x_wconf 80' lang='lat' dir='ltr'>infra</span> <span class='ocrx_word' id='word_1_20' title='bbox 1612 926 1780 1019; x_wconf 87' lang='lat' dir='ltr'>Cap.</span> <span class='ocrx_word' id='word_1_21' title='bbox 1843 929 1929 1007; x_wconf 78' lang='lat'>2,</span> <span class='ocrx_word' id='word_1_22' title='bbox 1982 928 2049 994; x_wconf 88' lang='lat'>7.</span> <span class='ocrx_word' id='word_1_23' title='bbox 2087 923 2540 1016; x_wconf 81' lang='lat' dir='ltr'>&#39;similiterque</span> <span class='ocrx_word' id='word_1_24' title='bbox 2587 921 2673 1005; x_wconf 82' lang='lat'>6,</span> <span class='ocrx_word' id='word_1_25' title='bbox 2728 929 2836 995; x_wconf 90' lang='grc'>17.</span> <span class='ocrx_word' id='word_1_26' title='bbox 2901 925 2981 1005; x_wconf 86' lang='grc'>7,</span> <span class='ocrx_word' id='word_1_27' title='bbox 3013 927 3148 994; x_wconf 58' lang='lat'>22</span> 
     </span>
     <span class='ocr_line' id='line_1_5' title="bbox 994 1030 3150 1132; baseline 0 -27"><span class='ocrx_word' id='word_1_28' title='bbox 994 1040 1301 1108; x_wconf 73' lang='lat' dir='ltr'>Nativum</span> <span class='ocrx_word' id='word_1_29' title='bbox 1356 1041 1538 1108; x_wconf 86' lang='lat' dir='ltr'>hunc</span> <span class='ocrx_word' id='word_1_30' title='bbox 1598 1058 1856 1108; x_wconf 84' lang='lat' dir='ltr'>textum</span> <span class='ocrx_word' id='word_1_31' title='bbox 1913 1041 2350 1132; x_wconf 70' lang='lat' dir='ltr'>primigeniae</span> <span class='ocrx_word' id='word_1_32' title='bbox 2399 1030 2651 1115; x_wconf 73' lang='grc' dir='ltr'><strong><em>Καινῆς</em></strong></span> <span class='ocrx_word' id='word_1_33' title='bbox 2693 1038 2928 1105; x_wconf 86' lang='lat' dir='ltr'>Critici</span> <span class='ocrx_word' id='word_1_34' title='bbox 2968 1059 3150 1106; x_wconf 84' lang='lat' dir='ltr'>vete-</span> 
     </span>
     <span class='ocr_line' id='line_1_6' title="bbox 994 1152 3150 1252; baseline -0 -31"><span class='ocrx_word' id='word_1_35' title='bbox 994 1177 1104 1221; x_wconf 83' lang='lat' dir='ltr'>res</span> <span class='ocrx_word' id='word_1_36' title='bbox 1152 1179 1221 1252; x_wconf 46' lang='lat' dir='ltr'>s„</span> <span class='ocrx_word' id='word_1_37' title='bbox 1252 1155 1581 1248; x_wconf 74' lang='lat' dir='ltr'>Origenes</span> <span class='ocrx_word' id='word_1_38' title='bbox 1631 1179 1682 1221; x_wconf 89' lang='lat' dir='ltr'>s.</span> <span class='ocrx_word' id='word_1_39' title='bbox 1732 1154 1844 1220; x_wconf 91' lang='lat' dir='ltr'>alii</span> <span class='ocrx_word' id='word_1_40' title='bbox 1892 1152 1980 1218; x_wconf 89' lang='lat' dir='ltr'>ad</span> <span class='ocrx_word' id='word_1_41' title='bbox 2027 1155 2130 1220; x_wconf 91' lang='lat' dir='ltr'>sui</span> <span class='ocrx_word' id='word_1_42' title='bbox 2176 1155 2319 1219; x_wconf 79' lang='lat' dir='ltr'>aevi</span> <span class='ocrx_word' id='word_1_43' title='bbox 2365 1154 2694 1219; x_wconf 83' lang='lat' dir='ltr'>Hebraica</span> <span class='ocrx_word' id='word_1_44' title='bbox 2733 1153 3150 1220; x_wconf 82' lang='lat' dir='ltr'>conformare</span> 
     </span>
     <span class='ocr_line' id='line_1_7' title="bbox 995 1266 3150 1353; baseline 0.001 -20"><span class='ocrx_word' id='word_1_45' title='bbox 995 1270 1215 1336; x_wconf 85' lang='lat' dir='ltr'>conati</span> <span class='ocrx_word' id='word_1_46' title='bbox 1276 1288 1433 1337; x_wconf 80' lang='lat' dir='ltr'>sunt</span> <span class='ocrx_word' id='word_1_47' title='bbox 1478 1271 1553 1337; x_wconf 90' lang='lat' dir='ltr'>in</span> <span class='ocrx_word' id='word_1_48' title='bbox 1599 1266 1974 1336; x_wconf 76' lang='lat' dir='ltr'><strong>subsidium</strong></span> <span class='ocrx_word' id='word_1_49' title='bbox 2026 1278 2259 1338; x_wconf 83' lang='lat' dir='ltr'>vocato</span> <span class='ocrx_word' id='word_1_50' title='bbox 2301 1266 2803 1353; x_wconf 85' lang='lat' dir='ltr'>Theodotione,</span> <span class='ocrx_word' id='word_1_51' title='bbox 2864 1286 2933 1338; x_wconf 87' lang='lat' dir='ltr'>et</span> <span class='ocrx_word' id='word_1_52' title='bbox 2977 1268 3150 1336; x_wconf 78' lang='lat' dir='ltr'>male</span> 
     </span>
     <span class='ocr_line' id='line_1_8' title="bbox 996 1402 1434 1452; baseline 0.007 -3"><span class='ocrx_word' id='word_1_53' title='bbox 996 1402 1434 1452; x_wconf 76' lang='lat' dir='ltr'>correxerunt</span> 
     </span>
     <span class='ocr_line' id='line_1_9' title="bbox 1469 1487 2683 1592; baseline 0.001 -27"><span class='ocrx_word' id='word_1_54' title='bbox 1469 1487 1515 1565; x_wconf 80' lang='grc' dir='ltr'>ὃ</span> <span class='ocrx_word' id='word_1_55' title='bbox 1562 1487 1719 1592; x_wconf 78' lang='grc' dir='ltr'><em>ἔχει</em></span> <span class='ocrx_word' id='word_1_56' title='bbox 1770 1490 1852 1565; x_wconf 78' lang='grc' dir='ltr'>ἐν</span> <span class='ocrx_word' id='word_1_57' title='bbox 1893 1496 2131 1590; x_wconf 71' lang='grc' dir='ltr'><strong><em>ἑαυτῷ</em></strong></span> <span class='ocrx_word' id='word_1_58' title='bbox 2173 1493 2469 1592; x_wconf 72' lang='grc' dir='ltr'><strong><em>ψυχὴν</em></strong></span> <span class='ocrx_word' id='word_1_59' title='bbox 2510 1491 2683 1583; x_wconf 76' lang='grc' dir='ltr'>ζωῆς</span> 
     </span>
     <span class='ocr_line' id='line_1_10' title="bbox 1000 1609 3158 1707; baseline -0 -28"><span class='ocrx_word' id='word_1_60' title='bbox 1000 1609 1125 1679; x_wconf 90' lang='lat' dir='ltr'>sed</span> <span class='ocrx_word' id='word_1_61' title='bbox 1169 1612 1569 1681; x_wconf 84' lang='lat' dir='ltr'>inchoarunt</span> <span class='ocrx_word' id='word_1_62' title='bbox 1615 1632 1872 1681; x_wconf 87' lang='lat' dir='ltr'>tantum</span> <span class='ocrx_word' id='word_1_63' title='bbox 1919 1639 2066 1682; x_wconf 89' lang='lat' dir='ltr'>eam</span> <span class='ocrx_word' id='word_1_64' title='bbox 2112 1616 2628 1695; x_wconf 79' lang='lat' dir='ltr'><strong>correctionem,</strong></span> <span class='ocrx_word' id='word_1_65' title='bbox 2675 1637 2813 1682; x_wconf 93' lang='lat' dir='ltr'>non</span> <span class='ocrx_word' id='word_1_66' title='bbox 2847 1610 3158 1707; x_wconf 85' lang='lat' dir='ltr'>perfece-</span> 
     </span>
     <span class='ocr_line' id='line_1_11' title="bbox 998 1727 3154 1823; baseline -0 -29"><span class='ocrx_word' id='word_1_67' title='bbox 998 1746 1194 1809; x_wconf 87' lang='lat' dir='ltr'>runt,</span> <span class='ocrx_word' id='word_1_68' title='bbox 1256 1729 1349 1795; x_wconf 87' lang='lat' dir='ltr'>ita</span> <span class='ocrx_word' id='word_1_69' title='bbox 1393 1728 1875 1823; x_wconf 82' lang='lat' dir='ltr'>perficiendam</span> <span class='ocrx_word' id='word_1_70' title='bbox 1920 1730 2106 1796; x_wconf 84' lang='lat' dir='ltr'>illam</span> <span class='ocrx_word' id='word_1_71' title='bbox 2153 1755 2236 1796; x_wconf 84' lang='lat' dir='ltr'>ex</span> <span class='ocrx_word' id='word_1_72' title='bbox 2278 1728 2526 1822; x_wconf 84' lang='lat' dir='ltr'>Aquila</span> <span class='ocrx_word' id='word_1_73' title='bbox 2575 1747 2688 1796; x_wconf 89' lang='lat' dir='ltr'>ant</span> <span class='ocrx_word' id='word_1_74' title='bbox 2727 1727 3154 1823; x_wconf 84' lang='lat' dir='ltr'>Symmacho,</span> 
     </span>
     <span class='ocr_line' id='line_1_12' title="bbox 1408 1834 2751 1938; baseline -0.001 -27"><span class='ocrx_word' id='word_1_75' title='bbox 1408 1834 1453 1911; x_wconf 80' lang='grc' dir='ltr'>ὃ</span> <span class='ocrx_word' id='word_1_76' title='bbox 1501 1836 1656 1938; x_wconf 81' lang='grc' dir='ltr'><em>ἔχει</em></span> <span class='ocrx_word' id='word_1_77' title='bbox 1701 1840 1777 1912; x_wconf 75' lang='grc' dir='ltr'>ἓν</span> <span class='ocrx_word' id='word_1_78' title='bbox 1829 1844 2066 1934; x_wconf 73' lang='grc' dir='ltr'><strong><em>ἐαυτῷ</em></strong></span> <span class='ocrx_word' id='word_1_79' title='bbox 2114 1840 2416 1936; x_wconf 74' lang='grc' dir='ltr'><strong><em>’ψυχὴν</em></strong></span> <span class='ocrx_word' id='word_1_80' title='bbox 2457 1834 2751 1927; x_wconf 73' lang='grc' dir='ltr'><strong><em>ζῶσαν</em></strong></span> 
     </span>
     <span class='ocr_line' id='line_1_13' title="bbox 1000 1956 3158 2054; baseline -0.002 -28"><span class='ocrx_word' id='word_1_81' title='bbox 1000 1959 1187 2053; x_wconf 88' lang='lat' dir='ltr'>quod</span> <span class='ocrx_word' id='word_1_82' title='bbox 1229 1963 1451 2054; x_wconf 87' lang='lat' dir='ltr'>ipsum</span> <span class='ocrx_word' id='word_1_83' title='bbox 1498 1979 1600 2027; x_wconf 89' lang='lat' dir='ltr'>est</span> <span class='ocrx_word' id='word_1_84' title='bbox 1642 1962 1719 2026; x_wconf 87' lang='lat' dir='ltr'>in</span> <span class='ocrx_word' id='word_1_85' title='bbox 1767 1959 2022 2053; x_wconf 84' lang='lat' dir='ltr'>aliquot</span> <span class='ocrx_word' id='word_1_86' title='bbox 2073 1957 2421 2026; x_wconf 88' lang='lat' dir='ltr'>deterioris</span> <span class='ocrx_word' id='word_1_87' title='bbox 2470 1978 2665 2026; x_wconf 89' lang='lat' dir='ltr'>notae</span> <span class='ocrx_word' id='word_1_88' title='bbox 2712 1956 2908 2025; x_wconf 87' lang='lat' dir='ltr'><strong>MSS.</strong></span> <span class='ocrx_word' id='word_1_89' title='bbox 2945 1956 3158 2022; x_wconf 87' lang='lat' dir='ltr'>Grae-</span> 
     </span>
     <span class='ocr_line' id='line_1_14' title="bbox 998 2071 3159 2167; baseline -0.001 -26"><span class='ocrx_word' id='word_1_90' title='bbox 998 2077 1131 2156; x_wconf 85' lang='lat' dir='ltr'>cis,</span> <span class='ocrx_word' id='word_1_91' title='bbox 1189 2073 1630 2167; x_wconf 80' lang='lat' dir='ltr'><strong>adstipulante</strong></span> <span class='ocrx_word' id='word_1_92' title='bbox 1691 2074 2132 2166; x_wconf 78' lang='lat' dir='ltr'>Hieronymo:</span> <span class='ocrx_word' id='word_1_93' title='bbox 2197 2076 2274 2138; x_wconf 85' lang='lat' dir='ltr'>in</span> <span class='ocrx_word' id='word_1_94' title='bbox 2339 2071 2575 2164; x_wconf 81' lang='lat' dir='ltr'>quibus</span> <span class='ocrx_word' id='word_1_95' title='bbox 2634 2089 2739 2139; x_wconf 78' lang='lat' dir='ltr'>est</span> <span class='ocrx_word' id='word_1_96' title='bbox 2780 2077 3013 2138; x_wconf 84' lang='lat' dir='ltr'>anima</span> <span class='ocrx_word' id='word_1_97' title='bbox 3063 2075 3159 2138; x_wconf 84' lang='grc' dir='ltr'>νὶ-</span> 
     </span>
     <span class='ocr_line' id='line_1_15' title="bbox 1002 2185 3158 2278; baseline -0.002 -21"><span class='ocrx_word' id='word_1_98' title='bbox 1002 2213 1186 2258; x_wconf 76' lang='lat' dir='ltr'>vens.</span> <span class='ocrx_word' id='word_1_99' title='bbox 1282 2191 1572 2257; x_wconf 85' lang='lat' dir='ltr'>Textum</span> <span class='ocrx_word' id='word_1_100' title='bbox 1616 2188 1825 2254; x_wconf 88' lang='lat' dir='ltr'>Hebr.</span> <span class='ocrx_word' id='word_1_101' title='bbox 1872 2185 2277 2255; x_wconf 87' lang='lat' dir='ltr'>hodiernum</span> <span class='ocrx_word' id='word_1_102' title='bbox 2321 2189 2409 2254; x_wconf 89' lang='lat' dir='ltr'>ob</span> <span class='ocrx_word' id='word_1_103' title='bbox 2451 2186 2680 2255; x_wconf 91' lang='lat' dir='ltr'>oculos</span> <span class='ocrx_word' id='word_1_104' title='bbox 2710 2187 2910 2253; x_wconf 84' lang='lat' dir='ltr'>fuisse</span> <span class='ocrx_word' id='word_1_105' title='bbox 2943 2186 3158 2278; x_wconf 85' lang='lat' dir='ltr'>Aqui-</span> 
     </span>
     <span class='ocr_line' id='line_1_16' title="bbox 1001 2295 3158 2397; baseline -0.002 -26"><span class='ocrx_word' id='word_1_106' title='bbox 1001 2305 1145 2387; x_wconf 88' lang='lat' dir='ltr'>lae,</span> <span class='ocrx_word' id='word_1_107' title='bbox 1194 2301 1614 2397; x_wconf 83' lang='lat' dir='ltr'>Symmacho,</span> <span class='ocrx_word' id='word_1_108' title='bbox 1660 2295 2219 2394; x_wconf 75' lang='lat' dir='ltr'>(Theodotionii’)</span> <span class='ocrx_word' id='word_1_109' title='bbox 2274 2303 2701 2396; x_wconf 78' lang='lat' dir='ltr'>Hieronymo,</span> <span class='ocrx_word' id='word_1_110' title='bbox 2740 2300 3158 2368; x_wconf 87' lang='lat' dir='ltr'>manifestum</span> 
     </span>
     <span class='ocr_line' id='line_1_17' title="bbox 1003 2416 3154 2510; baseline -0.001 -27"><span class='ocrx_word' id='word_1_111' title='bbox 1003 2435 1136 2498; x_wconf 87' lang='lat' dir='ltr'>est,</span> <span class='ocrx_word' id='word_1_112' title='bbox 1197 2417 1321 2484; x_wconf 88' lang='lat' dir='ltr'>sed</span> <span class='ocrx_word' id='word_1_113' title='bbox 1381 2417 1547 2484; x_wconf 87' lang='lat' dir='ltr'>alius</span> <span class='ocrx_word' id='word_1_114' title='bbox 1606 2436 1675 2485; x_wconf 83' lang='lat' dir='ltr'>et</span> <span class='ocrx_word' id='word_1_115' title='bbox 1734 2417 1979 2485; x_wconf 89' lang='lat' dir='ltr'>melior</span> <span class='ocrx_word' id='word_1_116' title='bbox 2046 2417 2173 2484; x_wconf 84' lang='lat' dir='ltr'>fuit</span> <span class='ocrx_word' id='word_1_117' title='bbox 2245 2416 2682 2484; x_wconf 81' lang='lat' dir='ltr'>Alexandrini</span> <span class='ocrx_word' id='word_1_118' title='bbox 2745 2417 3154 2510; x_wconf 81' lang='lat' dir='ltr'>Interpretis.</span> 
     </span>
     <span class='ocr_line' id='line_1_18' title="bbox 1002 2530 3157 2625; baseline -0.003 -22"><span class='ocrx_word' id='word_1_119' title='bbox 1002 2531 1160 2603; x_wconf 80' lang='lat' dir='ltr'>Non</span> <span class='ocrx_word' id='word_1_120' title='bbox 1220 2550 1444 2625; x_wconf 82' lang='lat' dir='ltr'>potest</span> <span class='ocrx_word' id='word_1_121' title='bbox 1502 2532 1576 2598; x_wconf 91' lang='lat' dir='ltr'>in</span> <span class='ocrx_word' id='word_1_122' title='bbox 1640 2531 1774 2598; x_wconf 86' lang='lat' dir='ltr'>hoc</span> <span class='ocrx_word' id='word_1_123' title='bbox 1825 2532 1980 2600; x_wconf 90' lang='lat' dir='ltr'>loco</span> <span class='ocrx_word' id='word_1_124' title='bbox 2023 2551 2098 2600; x_wconf 90' lang='lat' dir='ltr'>ut</span> <span class='ocrx_word' id='word_1_125' title='bbox 2143 2535 2216 2598; x_wconf 92' lang='lat' dir='ltr'>in</span> <span class='ocrx_word' id='word_1_126' title='bbox 2262 2532 2405 2599; x_wconf 87' lang='lat' dir='ltr'>aliis</span> <span class='ocrx_word' id='word_1_127' title='bbox 2453 2530 2637 2598; x_wconf 85' lang='lat' dir='ltr'>haud</span> <span class='ocrx_word' id='word_1_128' title='bbox 2678 2535 2907 2625; x_wconf 85' lang='lat' dir='ltr'>paneis</span> <span class='ocrx_word' id='word_1_129' title='bbox 2958 2531 3157 2598; x_wconf 84' lang='lat' dir='ltr'>alter-</span> 
     </span>
     <span class='ocr_line' id='line_1_19' title="bbox 998 2645 3158 2741; baseline 0.001 -31"><span class='ocrx_word' id='word_1_130' title='bbox 998 2664 1152 2712; x_wconf 88' lang='lat' dir='ltr'>uter</span> <span class='ocrx_word' id='word_1_131' title='bbox 1197 2664 1412 2713; x_wconf 84' lang='lat' dir='ltr'>textus</span> <span class='ocrx_word' id='word_1_132' title='bbox 1453 2645 1831 2731; x_wconf 86' lang='lat' dir='ltr'>emendari,</span> <span class='ocrx_word' id='word_1_133' title='bbox 1887 2650 2016 2714; x_wconf 85' lang='lat' dir='ltr'>nisi</span> <span class='ocrx_word' id='word_1_134' title='bbox 2063 2666 2346 2741; x_wconf 82' lang='lat' dir='ltr'>uterque</span> <span class='ocrx_word' id='word_1_135' title='bbox 2397 2646 2828 2729; x_wconf 88' lang='lat' dir='ltr'>emendetur,</span> <span class='ocrx_word' id='word_1_136' title='bbox 2874 2646 3158 2715; x_wconf 88' lang='lat' dir='ltr'>Hebrai-</span> 
     </span>
     <span class='ocr_line' id='line_1_20' title="bbox 1007 2759 1607 2828; baseline -0.002 -1"><span class='ocrx_word' id='word_1_137' title='bbox 1007 2784 1124 2827; x_wconf 84' lang='lat' dir='ltr'>cus</span> <span class='ocrx_word' id='word_1_138' title='bbox 1177 2777 1244 2827; x_wconf 84' lang='lat' dir='ltr'>et</span> <span class='ocrx_word' id='word_1_139' title='bbox 1290 2759 1607 2828; x_wconf 88' lang='lat' dir='ltr'>Graecus.</span> 
     </span>
    </p>

    <p class='ocr_par' dir='ltr' id='par_1_3' title="bbox 993 2871 3156 4350">
     <span class='ocr_line' id='line_1_21' title="bbox 1198 2871 3154 2973; baseline 0.002 -33"><span class='ocrx_word' id='word_1_140' title='bbox 1198 2875 1398 2959; x_wconf 87' lang='lat' dir='ltr'>Quod</span> <span class='ocrx_word' id='word_1_141' title='bbox 1444 2878 1660 2943; x_wconf 83' lang='lat' dir='ltr'>statim</span> <span class='ocrx_word' id='word_1_142' title='bbox 1708 2877 2009 2971; x_wconf 87' lang='lat' dir='ltr'>sequitur</span> <span class='ocrx_word' id='word_1_143' title='bbox 2054 2872 2205 2943; x_wconf 81' lang='grc' dir='ltr'>καὶ</span> <span class='ocrx_word' id='word_1_144' title='bbox 2250 2873 2502 2947; x_wconf 80' lang='grc' dir='ltr'><em>πάντα</em></span> <span class='ocrx_word' id='word_1_145' title='bbox 2549 2872 2823 2973; x_wconf 79' lang='grc' dir='ltr'><strong><em>χόρτον</em></strong></span> <span class='ocrx_word' id='word_1_146' title='bbox 2866 2871 3154 2969; x_wconf 69' lang='grc' dir='ltr'><strong><em>χλωρὸν</em></strong></span> 
     </span>
     <span class='ocr_line' id='line_1_22' title="bbox 1001 2984 3156 3086; baseline 0 -30"><span class='ocrx_word' id='word_1_147' title='bbox 1001 2987 1099 3067; x_wconf 71' lang='grc' dir='ltr'>εἰς</span> <span class='ocrx_word' id='word_1_148' title='bbox 1160 2984 1464 3084; x_wconf 72' lang='grc' dir='ltr'><strong><em>βρῶσιν,</em></strong></span> <span class='ocrx_word' id='word_1_149' title='bbox 1537 2989 1721 3085; x_wconf 83' lang='lat' dir='ltr'>apud</span> <span class='ocrx_word' id='word_1_150' title='bbox 1780 2993 1949 3086; x_wconf 87' lang='lat' dir='ltr'><strong>Aug.</strong></span> <span class='ocrx_word' id='word_1_151' title='bbox 2010 3009 2081 3059; x_wconf 89' lang='lat' dir='ltr'>et</span> <span class='ocrx_word' id='word_1_152' title='bbox 2155 3017 2354 3059; x_wconf 88' lang='lat' dir='ltr'>omne</span> <span class='ocrx_word' id='word_1_153' title='bbox 2416 2992 2733 3086; x_wconf 79' lang='lat' dir='ltr'>pabulum</span> <span class='ocrx_word' id='word_1_154' title='bbox 2806 2992 3018 3059; x_wconf 82' lang='lat' dir='ltr'>viride</span> <span class='ocrx_word' id='word_1_155' title='bbox 3078 2996 3156 3056; x_wconf 85' lang='lat' dir='ltr'>in</span> 
     </span>
     <span class='ocr_line' id='line_1_23' title="bbox 1002 3100 3151 3199; baseline 0 -31"><span class='ocrx_word' id='word_1_156' title='bbox 1002 3129 1259 3180; x_wconf 83' lang='lat' dir='ltr'>escam,</span> <span class='ocrx_word' id='word_1_157' title='bbox 1317 3104 1394 3170; x_wconf 86' lang='lat' dir='ltr'>id</span> <span class='ocrx_word' id='word_1_158' title='bbox 1445 3131 1598 3172; x_wconf 89' lang='lat' dir='ltr'>cum</span> <span class='ocrx_word' id='word_1_159' title='bbox 1639 3107 1986 3173; x_wconf 86' lang='lat' dir='ltr'>Hebraicis</span> <span class='ocrx_word' id='word_1_160' title='bbox 2036 3111 2188 3175; x_wconf 87' lang='lat' dir='ltr'>satis</span> <span class='ocrx_word' id='word_1_161' title='bbox 2240 3107 2605 3175; x_wconf 87' lang='lat' dir='ltr'>concordat</span> <span class='ocrx_word' id='word_1_162' title='bbox 2652 3125 2915 3199; x_wconf 84' lang='lat' dir='ltr'>praeter</span> <span class='ocrx_word' id='word_1_163' title='bbox 2965 3100 3151 3186; x_wconf 80' lang='grc' dir='ltr'><em>καὶ,</em></span> 
     </span>
     <span class='ocr_line' id='line_1_24' title="bbox 1001 3215 3151 3312; baseline 0.003 -31"><span class='ocrx_word' id='word_1_164' title='bbox 1001 3216 1192 3307; x_wconf 88' lang='lat' dir='ltr'>quod</span> <span class='ocrx_word' id='word_1_165' title='bbox 1252 3217 1415 3286; x_wconf 88' lang='lat' dir='ltr'>licet</span> <span class='ocrx_word' id='word_1_166' title='bbox 1460 3245 1731 3285; x_wconf 83' lang='lat' dir='ltr'>sensum</span> <span class='ocrx_word' id='word_1_167' title='bbox 1773 3220 2059 3286; x_wconf 81' lang='lat' dir='ltr'>turbans</span> <span class='ocrx_word' id='word_1_168' title='bbox 2105 3216 2349 3312; x_wconf 84' lang='lat' dir='ltr'>(verba</span> <span class='ocrx_word' id='word_1_169' title='bbox 2398 3215 2674 3310; x_wconf 83' lang='lat' dir='ltr'>Grabii)</span> <span class='ocrx_word' id='word_1_170' title='bbox 2726 3239 2794 3287; x_wconf 90' lang='lat' dir='ltr'>et</span> <span class='ocrx_word' id='word_1_171' title='bbox 2839 3223 3151 3287; x_wconf 87' lang='lat' dir='ltr'>omissum</span> 
     </span>
     <span class='ocr_line' id='line_1_25' title="bbox 998 3325 3152 3427; baseline 0.003 -30"><span class='ocrx_word' id='word_1_172' title='bbox 998 3331 1383 3424; x_wconf 85' lang='lat' dir='ltr'>Theophilo</span> <span class='ocrx_word' id='word_1_173' title='bbox 1433 3325 1891 3417; x_wconf 75' lang='lat' dir='ltr'>Antiocheno,</span> <span class='ocrx_word' id='word_1_174' title='bbox 1944 3334 2228 3404; x_wconf 86' lang='lat' dir='ltr'>Codices</span> <span class='ocrx_word' id='word_1_175' title='bbox 2258 3337 2499 3404; x_wconf 87' lang='lat' dir='ltr'>Graeci</span> <span class='ocrx_word' id='word_1_176' title='bbox 2537 3360 2775 3427; x_wconf 86' lang='lat' dir='ltr'>magno</span> <span class='ocrx_word' id='word_1_177' title='bbox 2826 3360 3152 3403; x_wconf 86' lang='lat' dir='ltr'>consensu</span> 
     </span>
     <span class='ocr_line' id='line_1_26' title="bbox 998 3448 3150 3544; baseline 0.002 -32"><span class='ocrx_word' id='word_1_178' title='bbox 998 3463 1301 3528; x_wconf 85' lang='lat' dir='ltr'>tuentur,</span> <span class='ocrx_word' id='word_1_179' title='bbox 1380 3448 1877 3541; x_wconf 84' lang='lat' dir='ltr'>suffragantibus</span> <span class='ocrx_word' id='word_1_180' title='bbox 1955 3449 2122 3518; x_wconf 84' lang='lat' dir='ltr'>adeo</span> <span class='ocrx_word' id='word_1_181' title='bbox 2201 3451 2453 3544; x_wconf 80' lang='lat' dir='ltr'>aliquot</span> <span class='ocrx_word' id='word_1_182' title='bbox 2517 3451 2712 3518; x_wconf 90' lang='lat' dir='ltr'><strong>MSS.</strong></span> <span class='ocrx_word' id='word_1_183' title='bbox 2785 3450 3150 3517; x_wconf 77' lang='lat' dir='ltr'>HebraiciS.</span> 
     </span>
     <span class='ocr_line' id='line_1_27' title="bbox 996 3560 3151 3655; baseline 0.003 -28"><span class='ocrx_word' id='word_1_184' title='bbox 996 3560 1243 3628; x_wconf 86' lang='lat' dir='ltr'>Maluit</span> <span class='ocrx_word' id='word_1_185' title='bbox 1304 3561 1749 3655; x_wconf 82' lang='lat' dir='ltr'>Hieronymus</span> <span class='ocrx_word' id='word_1_186' title='bbox 1807 3580 1886 3630; x_wconf 85' lang='lat' dir='ltr'>ut</span> <span class='ocrx_word' id='word_1_187' title='bbox 1936 3564 2242 3632; x_wconf 78' lang='lat' dir='ltr'>habeant</span> <span class='ocrx_word' id='word_1_188' title='bbox 2295 3565 2394 3631; x_wconf 84' lang='lat' dir='ltr'>ad</span> <span class='ocrx_word' id='word_1_189' title='bbox 2451 3565 2868 3633; x_wconf 77' lang='lat' dir='ltr'>vescendum.</span> <span class='ocrx_word' id='word_1_190' title='bbox 2962 3567 3151 3634; x_wconf 85' lang='lat' dir='ltr'>Latet</span> 
     </span>
     <span class='ocr_line' id='line_1_28' title="bbox 997 3676 3152 3773; baseline 0.004 -32"><span class='ocrx_word' id='word_1_191' title='bbox 997 3676 1115 3742; x_wconf 84' lang='lat' dir='ltr'>hic</span> <span class='ocrx_word' id='word_1_192' title='bbox 1171 3695 1247 3744; x_wconf 90' lang='lat' dir='ltr'>ut</span> <span class='ocrx_word' id='word_1_193' title='bbox 1307 3678 1612 3771; x_wconf 88' lang='lat' dir='ltr'>suspicor</span> <span class='ocrx_word' id='word_1_194' title='bbox 1660 3681 1917 3773; x_wconf 85' lang='lat' dir='ltr'>gravius</span> <span class='ocrx_word' id='word_1_195' title='bbox 1985 3680 2328 3773; x_wconf 86' lang='lat' dir='ltr'>quoddam</span> <span class='ocrx_word' id='word_1_196' title='bbox 2378 3700 2443 3749; x_wconf 91' lang='lat' dir='ltr'>et</span> <span class='ocrx_word' id='word_1_197' title='bbox 2492 3683 2797 3749; x_wconf 88' lang='lat' dir='ltr'>omnibus</span> <span class='ocrx_word' id='word_1_198' title='bbox 2856 3683 3152 3750; x_wconf 85' lang='lat' dir='ltr'>testimo-</span> 
     </span>
     <span class='ocr_line' id='line_1_29' title="bbox 996 3791 3149 3886; baseline 0.003 -31"><span class='ocrx_word' id='word_1_199' title='bbox 996 3791 1126 3856; x_wconf 87' lang='lat' dir='ltr'>niis</span> <span class='ocrx_word' id='word_1_200' title='bbox 1175 3793 1507 3886; x_wconf 76' lang='lat' dir='ltr'>antiquius</span> <span class='ocrx_word' id='word_1_201' title='bbox 1548 3794 1778 3862; x_wconf 85' lang='lat' dir='ltr'>vitium</span> <span class='ocrx_word' id='word_1_202' title='bbox 1823 3795 1898 3860; x_wconf 90' lang='lat' dir='ltr'>in</span> <span class='ocrx_word' id='word_1_203' title='bbox 1944 3813 2126 3865; x_wconf 75' lang='lat' dir='ltr'>textu</span> <span class='ocrx_word' id='word_1_204' title='bbox 2166 3797 2536 3880; x_wconf 84' lang='lat' dir='ltr'>Hebraico,</span> <span class='ocrx_word' id='word_1_205' title='bbox 2598 3822 2676 3864; x_wconf 83' lang='lat' dir='ltr'>ac</span> <span class='ocrx_word' id='word_1_206' title='bbox 2724 3796 3149 3864; x_wconf 86' lang='lat' dir='ltr'>vehementer</span> 
     </span>
     <span class='ocr_line' id='line_1_30' title="bbox 996 3910 3145 4012; baseline 0.006 -40"><span class='ocrx_word' id='word_1_207' title='bbox 996 3928 1263 3989; x_wconf 85' lang='lat' dir='ltr'>vereor,</span> <span class='ocrx_word' id='word_1_208' title='bbox 1336 3925 1411 3973; x_wconf 90' lang='lat' dir='ltr'>ut</span> <span class='ocrx_word' id='word_1_209' title='bbox 1470 3910 1527 3975; x_wconf 87' lang='lat' dir='ltr'>is</span> <span class='ocrx_word' id='word_1_210' title='bbox 1588 3911 1706 4002; x_wconf 85' lang='lat' dir='ltr'>qui</span> <span class='ocrx_word' id='word_1_211' title='bbox 1775 3913 2205 4005; x_wconf 75' lang='lat' dir='ltr'>proposuerit</span> <span class='ocrx_word' id='word_1_212' title='bbox 2263 3922 2475 3990; x_wconf 55' lang='lat'>:7²:283</span> <span class='ocrx_word' id='word_1_213' title='bbox 2513 3934 2648 3987; x_wconf 63' lang='lat'>:1229</span> <span class='ocrx_word' id='word_1_214' title='bbox 2682 3934 2800 4011; x_wconf 52' lang='grc' dir='ltr'>ΡΨ</span> <span class='ocrx_word' id='word_1_215' title='bbox 2843 3921 2922 3990; x_wconf 65' lang='lat'>⁷³:</span> <span class='ocrx_word' id='word_1_216' title='bbox 2962 3936 3114 4012; x_wconf 58' lang='lat'>*13223</span> <span class='ocrx_word' id='word_1_217' title='bbox 3126 3966 3145 3996; x_wconf 91' lang='lat'>,</span> 
     </span>
     <span class='ocr_line' id='line_1_31' title="bbox 997 4017 3146 4096; baseline 0.003 -12"><span class='ocrx_word' id='word_1_218' title='bbox 997 4017 1265 4088; x_wconf 78' lang='lat' dir='ltr'>felicem</span> <span class='ocrx_word' id='word_1_219' title='bbox 1320 4023 1744 4092; x_wconf 82' lang='lat' dir='ltr'>medicinam‘</span> <span class='ocrx_word' id='word_1_220' title='bbox 1781 4024 2032 4095; x_wconf 86' lang='lat' dir='ltr'>fecerit.</span> <span class='ocrx_word' id='word_1_221' title='bbox 2146 4027 2420 4095; x_wconf 83' lang='lat' dir='ltr'>Mallem</span> <span class='ocrx_word' id='word_1_222' title='bbox 2491 4030 2648 4096; x_wconf 86' lang='lat' dir='ltr'>huic</span> <span class='ocrx_word' id='word_1_223' title='bbox 2710 4026 2862 4096; x_wconf 93' lang='lat' dir='ltr'>loco</span> <span class='ocrx_word' id='word_1_224' title='bbox 2924 4025 3146 4092; x_wconf 88' lang='lat' dir='ltr'>lucem</span> 
     </span>
     <span class='ocr_line' id='line_1_32' title="bbox 993 4138 3143 4237; baseline 0.003 -37"><span class='ocrx_word' id='word_1_225' title='bbox 993 4152 1225 4227; x_wconf 86' lang='lat' dir='ltr'>petere</span> <span class='ocrx_word' id='word_1_226' title='bbox 1267 4159 1349 4203; x_wconf 85' lang='lat' dir='ltr'>ex</span> <span class='ocrx_word' id='word_1_227' title='bbox 1397 4138 1559 4232; x_wconf 85' lang='lat' dir='ltr'>Cap.</span> <span class='ocrx_word' id='word_1_228' title='bbox 1609 4140 1678 4221; x_wconf 88' lang='lat'>9,</span> <span class='ocrx_word' id='word_1_229' title='bbox 1728 4141 1797 4221; x_wconf 82' lang='grc'>3,</span> <span class='ocrx_word' id='word_1_230' title='bbox 1842 4140 1965 4208; x_wconf 87' lang='lat' dir='ltr'>sed</span> <span class='ocrx_word' id='word_1_231' title='bbox 1997 4141 2101 4209; x_wconf 82' lang='lat' dir='ltr'>vel</span> <span class='ocrx_word' id='word_1_232' title='bbox 2135 4143 2233 4210; x_wconf 90' lang='lat' dir='ltr'>sic</span> <span class='ocrx_word' id='word_1_233' title='bbox 2264 4143 2432 4209; x_wconf 86' lang='lat' dir='ltr'>nihil</span> <span class='ocrx_word' id='word_1_234' title='bbox 2457 4144 2820 4237; x_wconf 84' lang='lat' dir='ltr'>proficitur.</span> <span class='ocrx_word' id='word_1_235' title='bbox 2920 4139 3143 4208; x_wconf 89' lang='lat' dir='ltr'>Unum</span> 
     </span>
     <span class='ocr_line' id='line_1_33' title="bbox 998 4248 3141 4350; baseline 0.002 -34"><span class='ocrx_word' id='word_1_236' title='bbox 998 4248 1216 4317; x_wconf 87' lang='lat' dir='ltr'>adhuc</span> <span class='ocrx_word' id='word_1_237' title='bbox 1283 4250 1557 4346; x_wconf 85' lang='lat' dir='ltr'>dignum</span> <span class='ocrx_word' id='word_1_238' title='bbox 1616 4257 1970 4328; x_wconf 83' lang='lat' dir='ltr'>observatu</span> <span class='ocrx_word' id='word_1_239' title='bbox 2021 4275 2150 4339; x_wconf 83' lang='lat' dir='ltr'>est,</span> <span class='ocrx_word' id='word_1_240' title='bbox 2219 4257 2404 4350; x_wconf 83' lang='lat' dir='ltr'>quod</span> <span class='ocrx_word' id='word_1_241' title='bbox 2444 4258 2665 4328; x_wconf 85' lang='lat' dir='ltr'>nullus</span> <span class='ocrx_word' id='word_1_242' title='bbox 2717 4255 2949 4325; x_wconf 81' lang='lat' dir='ltr'>Codex</span> <span class='ocrx_word' id='word_1_243' title='bbox 2997 4255 3141 4322; x_wconf 87' lang='lat' dir='ltr'>MS.</span> 
     </span>
    </p>
   </div>
   <div class='ocr_carea' id='block_1_3' title="bbox 3510 73 3513 1257">
    <p class='ocr_par' dir='ltr' id='par_1_4' title="bbox 3510 73 3513 1257">
     <span class='ocr_line' id='line_1_34' title="bbox 3510 73 3513 1257; baseline 0 0"><span class='ocrx_word' id='word_1_244' title='bbox 3510 73 3513 1257; x_wconf 95' lang='lat' dir='ltr'> </span> 
     </span>
    </p>
   </div>
   <div class='ocr_carea' id='block_1_4' title="bbox 3511 4007 3512 4554">
    <p class='ocr_par' dir='ltr' id='par_1_5' title="bbox 3511 4007 3512 4554">
     <span class='ocr_line' id='line_1_35' title="bbox 3511 4007 3512 4554; baseline 0 0"><span class='ocrx_word' id='word_1_245' title='bbox 3511 4007 3512 4554; x_wconf 95' lang='lat' dir='ltr'> </span> 
     </span>
    </p>
   </div>
  </div>
 </body>
</html>
