3550 5167
1003 642 1007 648 η
1088 547 1250 637 cap.
1303 546 1410 616 11.
1510 549 1627 618 μεὁ
1678 551 1795 619 71.
1850 540 1971 618 72.
2471 483 2588 620 ι55
2696 593 2702 599 ,
2796 521 2799 526 ’
2901 585 2906 592 .

2160 629 2173 690 l

444 740 554 833 3322
610 735 696 830 l3⁶2
759 744 932 831 Ιὸσιω
986 756 1184 846 >⁰500
1240 744 1309 812 h.
1356 767 1417 811 e.
1480 763 1606 813 και
1654 765 1797 840 προ
1844 765 1971 824 της
2022 742 2318 827 σεληνης
2357 765 2597 839 γενεας

442 878 690 948 γενεῶν
741 876 816 928 ut
863 877 962 928 est
1001 860 1072 926 in
1122 857 1290 927 cod.
1334 862 1463 942 55,
1532 862 1650 954 qui
1711 858 1948 952 multas
2004 861 2326 930 lectiones
2374 866 2598 956 singu-

441 973 615 1044 lares
685 992 753 1043 et
805 973 1268 1043 memorabiles
1333 975 1569 1058 habet,
1631 977 1943 1069 itemque.
1990 976 2173 1071 apud
2232 978 2598 1074 Didymum

441 1087 532 1157 de
579 1090 817 1157 Trinit.
861 1107 929 1158 et
969 1088 1200 1183 Apoll.

584 1197 829 1285 ἠελίου
875 1200 1327 1299 προπάροιθε
1376 1200 1573 1294 μένει
1622 1200 1894 1274 κλυτόν
1944 1199 2222 1297 οὔνομα
2275 1204 2523 1293 θεῖον,

589 1317 1059 1412 λαμπόμενον
1106 1316 1233 1387 καὶ
1281 1317 1541 1415 πρόςὲε
1597 1314 1984 1417 φερεζώοιο
2035 1320 2447 1402 σελήνης.

445 1437 730 1505 Iustinus
784 1457 852 1507 et
898 1436 1181 1509 Tertull.
1230 1437 1397 1503 nihil
1451 1436 1536 1505 de
1586 1438 1782 1518 luna,
1837 1437 1959 1505 sed
2007 1440 2236 1506 Latina
2282 1438 2597 1506 Psalterin

443 1554 517 1619 in
562 1535 759 1628 lunae
814 1556 1151 1621 mentione
1215 1550 1357 1619 fere
1413 1528 1869 1635 consentiunt,
1954 1572 2232 1647 excepto
2268 1554 2599 1646 --Vulgatm

448 1666 783 1737 Videntur
841 1670 1009 1737 haee
1070 1670 1271 1736 verba
1317 1668 1443 1746 τῆς
1499 1670 1787 1749 Κοινῆς,
1859 1667 1979 1735 sed
2048 1671 2317 1737 vitiosae
2380 1670 2601 1761 potius

450 1808 652 1876 quam
708 1786 965 1853 nativae
1027 1777 1292 1862 Κοινῆς
1316 1834 1337 1864 ,
1397 1784 1546 1851 -hue
1610 1782 1881 1850 advecta
1946 1809 2028 1851 ex
2089 1810 2178 1850 VS.
2232 1785 2275 1853 5
2343 1804 2454 1851 aut
2500 1787 2606 1855 Ps.

446 1900 579 1983 88,
631 1900 749 1970 37.
849 1901 1262 1994 Quamquam
1330 1918 1397 1967 et
1459 1899 1573 1966 hic
1639 1898 1898 1993 aliquid
1946 1898 2287 1967 *leviculae
2339 1898 2601 1967 dubita-

449 2016 645 2084 tioni‘s
692 2014 1113 2109 relinquitur.

640 2131 747 2198 Ib.
794 2156 889 2199 vs.
943 2133 1036 2201 20
1136 2122 1499 2212 Ἐξέλιπον
1552 2127 1625 2198 οἱ
1685 2124 1902 2220 ὕμνοι
1949 2118 2192 2196 Δαυίδ
2253 2122 2392 2195 τοῦ
2443 2123 2610 2195 υἱοῦ

447 2237 751 2315 Ἰεσσαί.
847 2247 1046 2314 Ponit
1096 2244 1301 2340 Syrus
1348 2248 1515 2313 haee
1559 2247 1762 2313 verba
1810 2241 1914 2336 (in
1942 2246 2109 2313 ‘VIII
2155 2244 2355 2313 MSS.
2411 2261 2477 2311 et
2524 2244 2607 2310 ab

444 2361 665 2427 Arabe
728 2359 1003 2447 omissa)
1076 2362 1158 2429 ab
1219 2364 1406 2430 initio
1460 2360 1704 2428 Psalmi
1757 2361 2104 2454 proximi,
2176 2378 2251 2427 ut
2319 2356 2605 2425 Codices

433 2475 688 2543 -Graeei
734 2477 988 2545 Veron.
1055 2494 1122 2543 et
1167 2478 1226 2544 L
1290 2476 1431 2544 sere
1485 2475 1931 2558 Holmesiani,
2006 2473 2275 2567 Gompl.
2327 2470 2485 2541 Ald.
2542 2490 2610 2541 et

445 2590 592 2681 ipsa
640 2612 909 2681 quoque
978 2589 1266 2670 Sixtina,
1343 2593 1526 2656 cuius
1583 2593 1866 2683 margini
1937 2588 2239 2657 additum
2311 2607 2411 2655 est
2475 2588 2610 2655 hoo

448 2701 770 2771 Scholion
833 2727 913 2769 ex
976 2702 1316 2770 Eusebio:
1386 2699 1638 2770 ἰστέον
1669 2753 1690 2784 ,
1774 2694 1899 2768 ὅτι
1973 2701 2061 2769 οἷ’
2129 2694 2413 2796 ἄπειροι
2480 2704 2610 2780 τῆς

446 2810 810 2910 ἀκριβείας
849 2820 986 2910 τοῦ
1026 2807 1595 2908 ἀναγνώσματος
1642 2814 1727 2882 οὐ
1731 2837 1789 2909 χ
1837 2814 1926 2894 ὡς
1958 2812 2197 2911 μέρος
2248 2812 2383 2882 τοῦ
2430 2805 2612 2906 ὅλου

447 2929 750 3023 ψαλμοῦ
813 2925 1247 3028 η’ξειλήερασι
1315 2926 1407 3020 τὸ
1471 2923 1843 3012 Ἐξέλιπον
1917 2927 1988 2998 οἱ
2062 2922 2279 3021 ὕμνοι
2345 2922 2610 2997 Δαυίδ·

450 3038 706 3141 σαφῶς
762 3037 843 3115 δὲ
891 3043 1299 3142 παρίστησι
1357 3040 1481 3114 καὶ
1530 3044 1569 3124 ἡ
1625 3035 1964 3140 Ἐβραῖκή
2017 3044 2258 3141 φωνή,
2319 3038 2441 3112 ὅτι
2489 3040 2614 3112 καὶ
2658 3110 2663 3115 .

450 3159 650 3230 αὐτὰ
692 3159 902 3256 μέρος
948 3160 1299 3257 τυγχάνει
1361 3163 1503 3229 τοῦ
1564 3151 1741 3228 ὅλου
1791 3154 2118 3252 ψαλμοῦ.
2217 3162 2428 3227 Etiam
2473 3163 2614 3227 Au·-

450 3296 617 3373 gust.
668 3279 980 3349 AmbroS.
1032 3279 1332 3347 Cassiod.
1386 3279 1553 3345 haee
1602 3280 1806 3344 verba
1848 3277 1935 3344 ad
1980 3281 2088 3345 Ps.
2126 3280 2222 3347 72
2268 3257 2610 3369 pertinere

450 3393 746 3460 arbitrati
795 3411 981 3475 sunt,
1036 3413 1102 3462 et
1142 3396 1237 3462 sic
1284 3411 1382 3461 est
1427 3395 1500 3459 in
1547 3392 1745 3463 Psalt.
1793 3392 2075 3463 SGerm.‘
2125 3392 2314 3459 Rom.
2369 3390 2612 3458 Coisli-

448 3509 673 3577 niano.
779 3506 858 3573 In
899 3509 1096 3576 Aeth.
1124 3510 1448 3578 Versione
1479 3506 1805 3574 Ludolfus
1854 3507 1971 3573 illa
2018 3531 2212 3574 verae
2263 3504 2407 3572 sedi
2456 3529 2610 3571 suae

449 3624 756 3694 restituit.
854 3624 980 3690 Res
1030 3622 1213 3705 levi3‚
1265 3622 1386 3693 sed
1435 3647 1605 3716 quae
1657 3621 1929 3704 doceat,
1981 3647 2182 3715 quam
2227 3623 2610 3686 inconstan-

452 3756 555 3808 ter
600 3739 855 3832 antiqui
904 3740 1161 3806 scribae
1213 3738 1745 3805 Christianorum
1793 3761 1973 3803 nune
2020 3736 2405 3805 temerarios
2458 3735 2611 3799 Cri-

450 3855 617 3921 ticos
667 3871 880 3948 agant,
929 3878 1108 3920 nune
1145 3853 1352 3919 instar
1388 3853 1843 3920 machinarum
1875 3835 2376 3943 scriptoriarum
2413 3850 2610 3916 unice

450 3987 816 4062 sequantur
856 3966 1393 4035 antecedentium
1439 3991 1723 4060 gregem.
1828 3966 2144 4035 Ceterum
2197 3956 2433 4054 ὕμνοιμ
2471 3987 2614 4031 non

450 4102 605 4153 sunt
650 4093 885 4171 ruben,
950 4083 1136 4179 quod
1186 4101 1285 4150 est
1332 4085 1403 4149 in
1456 4083 1659 4149 Hebr.
1702 4079 2072 4162 hodierno,
2123 4080 2243 4147 sed
2290 4088 2519 4158 πῆξε-κῃ.

644 4202 755 4271 Ps.
808 4206 938 4283 72,
983 4203 1099 4272 28.
1196 4197 1337 4266 τοῦ
1386 4189 1792 4288 ἐξαγγεῖλαι
1837 4192 2085 4294 πάσας
2150 4190 2310 4275 τὰς
2370 4187 2610 4261 αἰνέ-

456 4332 649 4394 σεις
696 4335 864 4385 σου
912 4311 988 4387 ἐν
1035 4314 1204 4395 ταῖς
1251 4310 1519 4395 πύλαις
1569 4314 1691 4393 τῆς
1741 4307 2105 4411 ςἑνυγοίίᾮός
2142 4305 2357 4398 Σιών,
2406 4310 2615 4405 Syrus
