3550 5167
957 501 1053 568 12
1272 493 1277 498 ⁶
1813 491 1993 574 Gen.
2043 493 2111 569 I,
2164 490 2236 600 6.
2288 513 2357 585 7.

945 687 1483 761 Masei-ethicum.
1601 686 1801 773 Quod
1862 675 2354 781 Complutensis
2433 682 2606 752 illud
2685 681 2831 753 καὶ
2913 685 3006 779 ἐγ
3028 686 3062 755 ε’
3079 730 3111 744 -

943 828 1150 875 vat-o
1209 794 1491 882 οὕτως
1538 805 1760 872 invitis
1809 804 2121 872 omuibus
2170 800 2366 870 MSS.
2420 800 2859 869 Holmesianis
2903 802 3110 896 plane

944 924 1200 1006 omisit3
1272 919 1460 1014 quod
1508 916 1794 986 Grabius
1857 918 2043 986 idem
2105 916 2278 985 illud
2339 935 2670 1010 tamquam
2737 920 3114 1011 reprobum

945 1056 1014 1105 et
1075 1039 1520 1104 reiectaneum
1589 1033 1812 1102 Obelo
1879 1035 2254 1126 insignivit,
2319 1050 2386 1100 et
2439 1032 2670 1101 ,nihilo
2732 1035 2947 1100 secius
3024 1032 3113 1102 ad

935 1154 1141 1221 finem
1191 1153 1528 1228 commatis
1590 1151 1855 1243 septimi
1903 1150 2197 1243 praefixo
2244 1148 2580 1216 Asterisco
2634 1150 2970 1217 revocavit
3010 1142 3120 1239 *):·

932 1268 1011 1335 id
1072 1270 1412 1335 neminem
1462 1289 1730 1335 movere
1794 1263 2025 1349 debet3
2092 1264 2410 1330 nimirum
2463 1265 2594 1332 hoe
2663 1282 2763 1332 est
2827 1265 3120 1359 obsequi·

934 1384 1352 1452 Masorethis.
1450 1380 1660 1449 Nobis
1713 1398 1895 1448 certe
1944 1404 2085 1448 non
2131 1377 2291 1447 licet
2321 1397 2455 1448 tam
2490 1380 2905 1474 obsequiosis
2942 1406 3116 1462 esse,·

940 1516 1015 1566 ut
1061 1500 1134 1565 in
1178 1499 1317 1564 eius
1367 1498 1641 1590 gratiam
1689 1496 1903 1591 gentis
1952 1494 2124 1562 illud
2170 1489 2297 1562 καὶ
2348 1489 2625 1585 ἐγένετο
2671 1486 2899 1574 οὕτως
2947 1520 3113 1564 eon-

940 1633 1045 1682 tra
1102 1613 1508 1706 optimorum
1573 1630 1640 1679 et
1692 1610 2137 1705 plurimorum
2178 1612 2445 1679 testium
2486 1610 2692 1678 fidem
2737 1614 2811 1679 in
2853 1612 3111 1681 Graeco

948 1746 1130 1797 textu
1172 1728 1283 1795 vel
1322 1746 1834 1820 transponamus
1875 1724 1981 1795 vel
2030 1728 2341 1793 iteremus
2386 1725 2493 1794 vel
2542 1728 2935 1795 omittamus.

1137 1844 1282 1910 Iam
1349 1838 1545 1910 κατὰ
1617 1832 1824 1909 πόδα
1910 1866 2265 1935 sequamur
2349 1840 2658 1909 ordinem
2722 1840 2982 1909 dierum
3048 1861 3115 1912 et

943 1978 1341 2028 commatum
1400 1962 1473 2026 in
1544 1955 1993 2025 examinandis
2063 1958 2406 2049 utriusque
2460 1976 2674 2025 textus
2725 1956 3116 2050 discrepan-

939 2076 1066 2143 tiis.
1164 2076 1401 2170 Itaque
1473 2075 1547 2141 in
1610 2098 1819 2167 opere
1892 2070 2182 2139 secundi
2234 2070 2378 2138 diei
2438 2072 2621 2140 aliud
2689 2073 3112 2142 observemus

940 2192 1297 2259 attentione
1349 2190 1856 2283 dignissimum,
1911 2186 2097 2282 quod
2143 2213 2235 2255 vs·
2272 2189 2319 2258 8
2368 2186 2551 2281 apud
2577 2188 2806 2271 Lxx,
2856 2213 3114 2258 summo

894 2366 909 2378 .
938 2306 1134 2375 MSS.
1180 2307 1502 2374 haetenus
1554 2304 2050 2399 exploratorum
2098 2298 2201 2393 **)
2253 2326 2615 2387 consensu,
2666 2305 2867 2372 etiam
2905 2304 3113 2373 Vete-

938 2422 1033 2487 ris
1066 2422 1334 2491 Latinae
1364 2422 1708 2489 Vel-sionis
1758 2420 2549 2513 Ante-Hieronymianae
2608 2419 2914 2514 suffragio
2952 2420 3116 2514 legi·

942 2555 1077 2604 tur:
1143 2530 1292 2601 καὶ
1349 2523 1598 2603 ὲῖδεν
1660 2529 1815 2627 (alii
1860 2526 2096 2625 ἴδεν)
2147 2533 2190 2603 ὁ
2241 2530 2494 2621 θεός,
2556 2524 2718 2604 ὅτι
2783 2532 3116 2623 καλόν,

942 2673 1230 2743 quorum
1269 2648 1447 2730 ‚nihil
1498 2668 1597 2717 est
1645 2653 1719 2717 in
1769 2650 2098 2718 hodierno
2150 2670 2334 2719 textu
2380 2652 2610 2734 Hebr„
2662 2670 2729 2720 et
2774 2651 2945 2719 nihil
2992 2652 3118 2721 fuit

839 2853 845 2864 Ι
941 2766 1015 2830 in
1080 2783 1260 2831 textu
1302 2764 1868 2859 pedissequorum
1934 2768 2072 2834 eius
2124 2769 2459 2849 omnium,
2527 2790 2693 2860 quos
2747 2793 2948 2861 supra
2995 2791 3118 2835 no-

941 2882 1204 2948 minavi.
1325 2882 1519 2973 Quae
1586 2880 1832 2957 verba,
1912 2899 1984 2950 ut
2045 2860 2471 2977 Houbigantii
2550 2884 3116 2978 argumentatione

942 3014 1122 3079 utar,
1195 2994 1508 3064 Graecos
1556 2998 1734 3068 Intt.
1779 3021 1903 3064 suo
1952 2999 2190 3065 Marte
2238 2998 2586 3066 addidisse
2638 3022 2765 3065 cur
2811 3000 3107 3090 suspice-

943 3135 1094 3177 mur
1115 3160 1142 3187 ,
1208 3113 1398 3196 nulla
1444 3118 1626 3182 iusta
1676 3131 1783 3181 est
1845 3122 2049 3189 ratio,
2152 3117 2436 3183 Dixeris
2477 3118 2751 3207 potius,
2816 3110 2893 3179 id
2929 3111 3117 3203 quod

1006 3378 1055 3447 Ἴ
1090 3376 1377 3429 Revocavit
1423 3381 1754 3445 repugnante
1814 3373 2016 3427 Codice
2067 3389 2197 3437 suo,
2248 3374 2303 3424 h.
2342 3388 2389 3425 e.
2441 3373 2836 3438 Alexandrino,
2893 3373 2990 3426 sed
3047 3390 3114 3426 eo

1081 3459 1304 3516 nomine
1347 3460 1667 3514 excusabilis
1685 3499 1699 3524 ,
1734 3460 1885 3531 quod
1923 3461 2281 3530 Hexaplarem
2314 3454 2520 3513 textum
2540 3500 2556 3524 ,
2615 3478 2727 3514 non
2757 3460 2854 3529 τῆς
2887 3460 3117 3528 Κοινῆς,

1080 3568 1141 3603 se
1179 3550 1423 3602 daturum
1451 3548 1763 3618 spopondit.
1835 3548 2054 3601 Habent
2089 3548 2185 3599 illa
2221 3550 2320 3603 καὶ
2347 3549 2564 3620 ἐγένετο
2591 3544 2767 3610 οὕτως
2800 3548 2906 3600 hoe
2930 3558 3118 3619 poste-

977 3686 987 3692 .
1073 3639 1218 3690 tiore
1267 3637 1387 3687 loco
1431 3636 1522 3686 XX
1581 3637 1694 3686 fere
1732 3635 1858 3687 Mss.
1908 3635 2165 3700 Holmes.,
2220 3636 2279 3687 in
2337 3634 2539 3707 quibus
2605 3652 2696 3705 ¹27
2759 3624 3114 3699 Moscuensis‚

1076 3725 1342 3776 adiectam
1379 3722 1726 3793 suppeditans
1763 3722 1903 3774 hanc
1929 3731 2111 3774 notam
2138 3724 2520 3792 marginalem:
2560 3723 2702 3779 ἔνθα
2725 3731 2905 3777 κεῖται
2933 3713 3106 3777 ’ἄστε-

964 3867 969 3874 ,
1079 3815 1301 3883 ρίσκος·
1335 3819 1512 3864 κεῖται
1529 3810 1652 3882 μὲν
1684 3811 1749 3867 ἐν
1782 3810 1860 3882 τῷ
1889 3809 2191 3882 Ἑβραΐκῷ·
2226 3809 2293 3866 οὗ
2336 3816 2570 3883 φέρεται
2608 3811 2669 3865 δὲ
2697 3801 2854 3883 παρὰ
2891 3819 3007 3870 τοῖς
3032 3810 3109 3864 Ο’.

1079 3900 1279 3953 Norma
1304 3896 1580 3951 iudicandi
1606 3897 1807 3951 Grabio
1828 3938 1844 3962 ,
1883 3907 1944 3950 ut
1968 3898 2268 3969 antiquitus
2297 3900 2623 3967 Hieronymo
2641 3936 2658 3963 ,
2698 3907 2814 3950 erat
2836 3898 3118 3951 Hebraico.

1086 3988 1320 4049 VeritaS,
1357 3985 1414 4043 h.
1454 4003 1501 4038 e.
1543 3993 1723 4038 textus
1757 3985 1917 4038 Hebr.
1956 3996 2230 4056 receptus:
2271 3986 2398 4038 hine
2434 3986 2551 4054 ipse
2582 3986 2722 4038 viam
2762 3984 2866 4038 sihi
2900 3992 2957 4037 et
2992 3984 3114 4035 aliis

1084 4071 1475 4142 praecludebat
1509 4072 1581 4127 ad
1620 4072 2019 4127 emendandum
2056 4091 2123 4126 ex
2168 4073 2377 4126 Graeco
2414 4073 2741 4125 Hebraeum.

983 4178 1065 4247 ⁸)
1094 4176 1277 4228 Morus
1317 4192 1467 4230 error
1493 4177 1739 4243 videtur,
1775 4178 1924 4249 quod
1961 4177 2154 4233 Montf.
2190 4178 2247 4228 in
2291 4178 2549 4247 Hexaplis
2579 4193 2650 4231 ea
2675 4174 2841 4232 verba
2876 4176 2935 4227 in
2966 4181 3119 4247 tantu

1090 4270 1226 4332 Lxx
1268 4269 1485 4325 omittit.
