3550 5167
1273 549 1789 641 Prolegomena.
2200 641 2204 646 ,
2565 558 2609 624 3

461 743 660 816 modo
711 736 1110 816 aestimanda
1161 747 1246 813 sit
1295 769 1500 841 opera
1564 745 1844 816 aliorum
1909 749 2199 816 virorum
2258 751 2329 818 in
2375 774 2609 820 recen-

464 863 688 933 sendis
757 861 1283 956 castigandisque
1334 862 1697 930 Codicibus
1743 849 1951 931 LXX‘
1979 861 2424 958 Interpretum
2475 865 2615 935 eol-

461 975 672 1048 locata
695 1030 717 1062 ,
784 978 1091 1059 Eusebii,
1149 977 1514 1070 Pamphili,
1572 980 1849 1045 Luciani
1905 979 2338 1064 Antiocheni,
2405 982 2615 1075 Hesy-

464 1096 601 1163 chii
622 1092 1056 1161 Alexandrini
1109 1110 1175 1159 et
1217 1091 1634 1186 reliquorum
1679 1092 1784 1161 vel
1832 1095 2048 1162 minus
2101 1094 2463 1162 celebrium
2513 1097 2616 1165 vel

462 1209 664 1305 plane
711 1211 1237 1301 incognitorum-3.
1279 1227 1621 1301 ,quantum
1670 1207 1962 1302 denique
2010 1209 2330 1302 ponderis
2381 1212 2620 1279 Hiero·-

464 1326 650 1419 nymi
715 1325 1066 1396 auctoritas
1127 1324 1435 1390 habuerit
1495 1322 1580 1390 ad
1642 1323 1990 1392 mutandos
2032 1324 2268 1393 Libros
2319 1325 2434 1394 SS.
2484 1352 2621 1394 non

467 1458 719 1507 tantum
765 1440 1035 1507 Latinos
1086 1437 1208 1506 sed
1258 1456 1323 1505 et
1371 1436 1691 1505 Graecos:
1743 1440 1907 1507 haec
1961 1456 2027 1505 et
2076 1439 2313 1506 similia
2357 1465 2479 1507 nos
2530 1444 2619 1509 ob

470 1557 996 1622 testimoniorum
1047 1551 1151 1621 vel
1199 1554 1515 1619 iacturam
1562 1551 1667 1620 vel
1717 1554 2105 1623 brevitatem
2147 1538 2251 1623 vel
2300 1553 2623 1648 ambigui-
2707 1560 2713 1568 ’

467 1689 668 1737 tatem
714 1694 893 1736 nunc
944 1671 1050 1736 vix
1094 1670 1490 1735 coniecturis
1545 1671 1972 1761 assequimur.
2071 1670 2216 1737 Hoc
2263 1690 2516 1738 certum
2559 1693 2626 1740 et

470 1804 620 1851 ante
672 1786 967 1853 omnium
1031 1781 1257 1850 oeulos
1318 1785 1609 1877 positum
1662 1803 1793 1864 est,
1863 1802 2171 1878 quattuor
2217 1786 2621 1878 principales

468 1897 921 1967 Bibliothecae
973 1897 1039 1966 S.
1086 1897 1572 1965 Alexandrinae
1621 1897 1985 1980 EditioneS‚
2038 1899 2623 2001 Complutensem‚

363 2041 368 2044 ·
472 2014 819 2099 Aldinam,
868 2015 1226 2081 Romanam
1270 2013 1435 2081 Sixti
1469 2014 1534 2081 V
1585 2015 1764 2080 iussu
1808 2013 2088 2095 editam,
2135 2034 2199 2081 et
2228 2013 2627 2083 Grabianam

476 2147 655 2199 tanto
710 2127 1091 2196 discrimine
1145 2126 1430 2210 differre,
1481 2147 1553 2195 ut
1604 2130 1720 2222 qui
1770 2131 2065 2196 omnium
2113 2128 2629 2198 differentiarum

482 2246 698 2313 sontes
761 2245 1125 2338 aperuerit,
1201 2246 1657 2338 rationemque
1717 2243 2135 2328 reddiderit,
2197 2245 2497 2313 inventus
2547 2248 2630 2314 sit

477 2361 791 2428 hactenus
836 2383 1063 2441 nemo,
1107 2383 1234 2427 nec
1284 2358 1477 2427 facile
1526 2362 1808 2428 inveniri
1855 2385 2052 2453 posse
2096 2358 2409 2428 videatur.
2476 2360 2630 2427 Non

476 2475 790 2543 invidebo
806 2527 827 2558 ,
876 2473 998 2540 sed
1046 2499 1448 2567 magnopere
1498 2475 1783 2544 laudabo
1800 2528 1820 2558 ,
1885 2478 1940 2543 si
1993 2477 2140 2569 quis
2186 2493 2341 2567 post
2388 2494 2485 2541 tot
2532 2476 2633 2541 vi-

475 2615 705 2659 rorum
746 2588 1242 2684 praeclarorum
1285 2608 1552 2658 conatus
1601 2587 1821 2659 denuo
1859 2610 2060 2660 totam
2102 2587 2631 2682 disquisitionem

480 2707 564 2771 ab
617 2729 738 2775 ovo
789 2723 1081 2798 repetat3
1133 2703 1351 2772 denuo
1401 2707 1619 2772 omnia
1666 2707 2034 2773 testimonia
2076 2706 2632 2771 testimoniorum-

483 2844 615 2913 que
663 2821 931 2911 vestigia
973 2818 1130 2885 inde
1184 2844 1220 2884 a
1268 2819 1643 2887 Ptolemaeo
1693 2819 1894 2912 Lagi,
1943 2818 2047 2889 vel
2091 2820 2147 2885 si
2194 2817 2415 2911 placet
2461 2817 2632 2885 ulte-

481 2935 618 3001 rius
632 2985 653 3017 ,
707 2957 959 3000 summa
1009 2933 1347 3026 diligentia
1399 2936 1781 3028 conquirat,
1830 2938 1901 3002 in
1951 2953 2228 3001 examen
2269 2931 2632 3026 producat,

483 3067 552 3118 et
595 3047 918 3144 quiequid
971 3067 1069 3117 tot
1128 3048 1542 3118 saeculorum
1608 3067 1820 3119 tractu
1867 3051 1939 3118 in
1988 3073 2066 3117 ea
2112 3072 2188 3115 re
2237 3063 2637 3115 transactum

676 3389 1061 3464 ἑβδομήκοντα
1095 3381 1193 3448 διὰ
1227 3389 1327 3463 τῆν
1361 3393 1472 3448 τῶν
1508 3392 1879 3467 ἀντιγράφων
1913 3390 2271 3465 διαφωνίαν,
2306 3389 2410 3457 τήν
2447 3396 2641 3464 κρίσιν

692 3481 1075 3552 ποιησάμενοι
1125 3480 1239 3534 α’πό
1289 3485 1403 3535 ταῖν
1453 3482 1674 3534 λοιπῶν
1734 3478 2043 3544 ἐκδόσεων,
2107 3479 2169 3531 το·
2213 3479 2462 3547 συνᾷδον
2495 3480 2640 3531 ἐκεῖ·

690 3582 821 3623 ναις
874 3566 1242 3638 &pulait-'apter
1307 3569 1428 3620 καὶ
1483 3558 1640 3622 τινὰ
1712 3567 1842 3637 μὲν
1899 3567 2369 3636 ω’βελίσαμεν
2423 3566 2500 3618 ἐν
2548 3569 2643 3633 τῷ

692 3651 1046 3723 Ἑβραΐκῴ·
1076 3642 1162 3724 μὴ
1212 3658 1547 3726 κείμενα,
1602 3652 1673 3707 οὗ
1725 3653 2101 3724 τολμήσαντες
2140 3648 2285 3704 αὐτοὶ
2321 3651 2504 3716 πάντη
2543 3663 2646 3703 πε-

697 3735 933 3806 ριελεῖν,
983 3734 1147 3793 turoi
1193 3737 1269 3791 δὲ
1322 3737 1470 3811 μετ’
1520 3737 1996 3820 α’στερίσκφν
2046 3735 2642 3808 προςεθῆκαμεν,

696 3821 792 3875 ἵνα
833 3823 1002 3888 donov
1047 3817 1109 3894 ᾖ,
1157 3821 1246 3876 ὅτι
1280 3821 1356 3896 μγ)
1400 3828 1637 3896 κείμενα
1672 3815 1829 3890 παρὰ
1871 3831 1991 3881 τοῖς
2023 3819 2405 3894 ἑβδομήκοντα
2441 3826 2500 3876 ἐκ
2536 3825 2647 3876 τῶν

700 3910 916 3963 λοιπῶν
933 3909 1216 3964 ἐπιδόσεων
1246 3911 1567 3982 συμφώνως
1589 3911 1666 3979 τῷ
1687 3911 1966 3979 Ἑβραΐκῶ
1997 3911 2453 3981 προςεθὴκαμεν.
2487 3907 2649 3963 Recte

702 3996 963 4065 Origenes
999 3996 1268 4050 abstinuit
1312 3999 1381 4050 ab
1420 3998 1516 4051 ino
1551 3999 1730 4061 πάντη
1767 3997 2083 4065 περιελεῖν,
2134 3997 2280 4067 qued
2320 3997 2363 4049 si
2412 3997 2648 4059 fecisset,

702 4083 863 4152 longe
926 4084 1323 4137 intolerabilior
1391 4092 1534 4142 esset
1596 4085 1729 4137 haec
1775 4084 2028 4135 castratio
2069 4083 2203 4135 Lxx
2257 4082 2651 4153 interpretibus

699 4169 888 4235 illata,
929 4188 1087 4242 qnam
1133 4169 1278 4223 istud
1314 4166 1598 4242 τόλμημα,
1647 4189 1755 4240 quo
1791 4172 2139 4238 semetipsum
2175 4173 2437 4222 castravit.
2513 4169 2654 4221 Sunt

710 4256 854 4307 enim
907 4256 1206 4326 permulta,
1264 4273 1333 4310 ne
1375 4258 1546 4308 dicam
1603 4256 1786 4307 omnia
1841 4253 2184 4325 αἰβελισμένα
2234 4256 2533 4319 eiusmodi,
2590 4263 2654 4309 ut

707 4356 805 4396 nos
850 4325 1112 4397 iacturam
1158 4360 1345 4397 eorum
1380 4344 1722 4415 iniquissimo
1759 4342 1942 4397 animo
1984 4341 2349 4396 toleraremus·
