3550 5167
1807 500 1985 569 Gen.
2039 503 2108 576 I,
2153 497 2270 570 30.

972 506 1067 573 {3

1360 705 1365 712 '
1435 686 1478 762 ὃ
1521 686 1675 789 ἔχει
1720 690 1797 763 ἐν
1844 695 2078 786 ἑαυτῷ
2126 690 2398 772 πνοὴν
2447 688 2684 779 ζωῆς

1430 812 1617 905 quod
1661 812 1863 877 habet
1913 815 1989 879 in
2034 834 2107 876 se
2155 814 2466 909 spiritugn
2516 816 2694 879 vitae

972 924 1172 1018 plane
1224 942 1297 993 ut
1349 925 1523 992 infra
1591 927 1755 1019 Cap.
1821 930 1905 1008 2,
1959 931 2024 995 7.
2064 924 2516 1019 'similiterque
2564 924 2649 1008 6,
2706 931 2814 998 17.
2879 926 2958 1007 7,
2989 929 3123 996 22

970 1041 1276 1109 Nativum
1334 1042 1514 1108 hunc
1575 1059 1832 1110 textum
1890 1042 2325 1136 primigeniae
2375 1031 2627 1118 Κοινῆς
2671 1041 2904 1107 Critici
2945 1060 3126 1108 vete-

971 1178 1080 1221 res
1130 1181 1197 1252 ε.1
1230 1156 1556 1250 Origenes
1607 1180 1658 1222 s.
1708 1155 1820 1221 alii
1868 1154 1956 1221 ad
2004 1157 2105 1221 sui
2153 1157 2294 1221 aevi
2342 1154 2671 1221 Hebraica
2711 1155 3126 1223 conformare

973 1271 1192 1337 conati
1253 1290 1408 1339 sunt
1454 1272 1528 1339 in
1575 1269 1948 1338 subsidium
2002 1277 2233 1339 vocato
2278 1268 2780 1355 Theodotione,
2841 1290 2909 1340 et
2955 1270 3125 1339 male

974 1403 1409 1453 correxerunt

1445 1487 1489 1567 ὃ
1539 1489 1694 1593 ἔχει
1747 1492 1827 1568 ἐν
1871 1497 2105 1591 ἑαυτῷ
2149 1501 2267 1587 ψυ
2279 1495 2444 1594 χὴν
2486 1493 2659 1585 ζωῆς

977 1612 1100 1681 sed
1146 1613 1544 1682 inchoarunt
1591 1633 1847 1683 tantum
1895 1640 2041 1683 eam
2090 1618 2604 1698 correctionem,
2652 1639 2789 1684 non
2825 1612 3135 1708 perfece-

975 1747 1170 1811 runt,
1232 1729 1325 1796 ita
1371 1729 1850 1823 perficiendam
1897 1730 2081 1798 illam
2131 1756 2212 1798 ex
2256 1730 2503 1824 Aquila
2553 1748 2663 1797 aut
2704 1728 3131 1860 SymmachO,

1384 1835 1428 1912 ὃ
1479 1838 1631 1939 ἔχει
1679 1841 1752 1915 ἐν
1806 1845 2042 1936 ἐαυτῷ
2090 1842 2393 1938 ’ψυχὴν
2434 1836 2727 1929 ζῶσαν

977 1961 1163 2055 quod
1205 1964 1426 2056 ipsum
1476 1979 1575 2029 est
1619 1963 1694 2027 in
1745 1960 1998 2052 aliquot
2049 1958 2398 2027 deterioris
2448 1980 2641 2028 notae
2690 1958 2883 2027 MSS.
2922 1958 3134 2024 Grae-

974 2078 1107 2158 cis,
1167 2074 1605 2168 adstipulante
1667 2076 2106 2167 Hieronymo:
2174 2077 2249 2139 in.
2316 2072 2551 2165 quibus
2584 2081 2715 2140 'est
2757 2078 2990 2140 anima
3041 2076 3135 2140 νὶ-

978 2215 1163 2260 vens.
1259 2193 1547 2257 Textum
1592 2189 1801 2256 Hebr.
1849 2188 2251 2256 hodiernum
2298 2189 2385 2255 ob
2428 2188 2655 2256 oculos
2687 2187 2886 2255 fuisse
2920 2188 3135 2280 Aqui-

977 2307 1121 2389 lae,
1171 2303 1590 2399 Symmacho,
1636 2297 2195 2396 (Theodotionii’)
2250 2304 2676 2395 Hieronymo,
2717 2301 3135 2368 manifestum

979 2438 1110 2501 est,
1174 2418 1299 2485 sed
1359 2418 1523 2486 alius
1583 2436 1649 2485 et
1710 2417 1953 2485 melior
2023 2417 2147 2485 fuit
2222 2417 2656 2486 Alexandrini
2721 2417 3129 2510 Interpretis.

978 2533 1135 2605 Non
1195 2551 1418 2627 potest
1478 2533 1552 2597 in
1616 2532 1750 2599 hoc
1801 2533 1953 2601 loco
1998 2553 2074 2602 ut
2119 2535 2192 2599 in
2239 2533 2382 2599 aliis
2431 2532 2612 2600 haud
2655 2535 2882 2627 paucis
2918 2530 3133 2598 alter-

975 2664 1127 2712 uter
1173 2665 1387 2714 textus
1429 2646 1806 2731 emendari,
1863 2650 1993 2715 nisi
2040 2667 2321 2742 uterque
2374 2646 2765 2717 emendetur
2781 2686 2807 2731 ,·
2850 2645 3135 2716 Hebrai-

983 2786 1099 2828 cus
1154 2779 1220 2827 et
1266 2760 1581 2830 Graecus.

1174 2875 1374 2960 Quod
1421 2880 1637 2945 statim
1684 2879 1985 2971 sequitur
2031 2872 2182 2944 καὶ
2227 2873 2479 2948 πάντα
2525 2871 2800 2974 χόρτον
2842 2872 3131 2970 χλωρὸν

978 2988 1076 3068 εἰς
1137 2985 1441 3085 βρῶσιν,
1514 2992 1696 3086 apud
1756 2994 1926 3087 Aug.
1988 3011 2058 3060 et
2134 3017 2331 3061 omne
2393 2992 2710 3085 pabulum
2783 2993 2994 3059 viride
3055 2996 3133 3057 in

979 3131 1237 3182 escam,
1295 3106 1372 3172 id
1422 3132 1575 3173 cum
1616 3109 1963 3174 Hebraicis
2014 3112 2166 3176 satis
2218 3108 2581 3175 concordat
2629 3125 2893 3200 praeter
2942 3100 3128 3186 καὶ,

977 3218 1169 3309 quod
1230 3218 1393 3288 licet
1437 3246 1708 3287 sensum
1750 3221 2035 3287 turbans
2083 3217 2326 3313 (verba
2375 3215 2651 3310 Grabii)
2704 3239 2770 3289 et
2817 3223 3127 3288 omissum

975 3332 1360 3425 Theophilo
1410 3326 1867 3418 Antiocheno,
1921 3335 2205 3404 Codices
2237 3337 2476 3404 Graeci
2515 3360 2751 3427 magno
2802 3360 3129 3404 consensu

975 3465 1277 3530 tuentur,
1357 3450 1853 3543 suffragantibus
1933 3450 2099 3518 adeo
2177 3450 2431 3544 aliquot
2494 3451 2688 3518 MSS.
2762 3450 3126 3518 Hebraicis.

973 3562 1223 3629 Maluit
1281 3563 1725 3657 Hieronymus
1783 3582 1862 3632 ut
1913 3565 2219 3633 habeant
2272 3566 2371 3632 ad
2430 3565 2843 3634 vescendum.
2938 3567 3129 3635 Latet

974 3678 1092 3743 bic
1148 3696 1224 3746 ut
1285 3680 1588 3772 suspicor
1637 3682 1893 3774 gravius
1964 3681 2305 3774 quoddam
2355 3700 2422 3751 et
2469 3683 2773 3751 omnibus
2832 3683 3129 3751 testimo-

973 3793 1103 3858 niis
1152 3794 1483 3887 antiquius
1525 3794 1754 3863 vitium
1800 3796 1874 3861 in
1921 3813 2102 3864 textu
2143 3798 2512 3880 Hebraico,
2575 3822 2652 3865 ac
2700 3797 3126 3866 vehementer

973 3930 1240 3990 vereor,
1313 3926 1388 3974 ut
1447 3911 1504 3976 is
1566 3910 1683 4003 qui
1752 3913 2182 4005 proposuerit
2241 3922 2451 3991 '³²:285
2490 3935 2625 3988 Ἆπιν
2659 3935 2777 4011 52⁸¹*
2820 3922 2899 3991 ἒξ
2939 3937 3091 4013 *13223
3102 3966 3121 3998 ,

975 4020 1242 4108 felicem
1296 4023 1721 4093 medicinam'
1757 4025 2009 4096 fecerit.
2124 4028 2397 4096 Mallem
2467 4030 2625 4097 huic
2687 4028 2839 4097 loco
2902 4026 3123 4093 lucem

971 4153 1202 4228 petere
1243 4161 1326 4205 ex
1376 4133 1537 4233 Cap.
1586 4141 1655 4222 9,
1705 4142 1773 4222 3,
1819 4141 1942 4209 sed
1974 4143 2079 4211 vel
2113 4144 2211 4211 sic
2241 4144 2409 4210 nihil
2434 4146 2797 4238 proficitur.
2897 4140 3120 4212 Unum

976 4249 1193 4319 adhuc
1260 4252 1534 4348 dignum
1593 4258 1947 4329 observatu
1999 4277 2127 4340 est,
2196 4257 2381 4351 quod
2422 4259 2642 4329 nullus
2694 4255 2925 4326 Codex
2974 4256 3118 4323 MS.
