3550 5167
986 558 1075 628 36
1867 552 2257 624 Paradisum

983 755 1037 821 si
1107 756 1421 846 tantisper
1486 748 1925 830 concedatur,
1962 783 1967 789 ·
2005 772 2117 816 eos
2182 743 2547 814 deliberato
2603 738 2877 813 consilio
2930 761 3140 815 textus

982 892 1201 933 sacros
1229 866 1648 947 ‚eoi-rexisse,
1698 864 1773 931 id
1815 888 1971 933 vero
2024 880 2120 931 est
2163 859 2585 954 corrupisse?

1176 982 1292 1048 His
1329 981 1727 1074 argumentis
1763 981 2109 1046 contrariis
2149 975 2554 1069 aliquantum
2581 972 2903 1069 ponderis
2929 976 3145 1041 inesse

980 1097 1252 1162 minime
1294 1118 1503 1187 nego,
1554 1095 1949 1186 praesertim
1997 1091 2165 1172 illis,
2218 1083 2412 1183 quae⁴
2436 1108 2587 1158 sunt
2635 1114 2716 1156 ex
2765 1087 2930 1157 locis
2978 1087 3148 1154 Pro·-

981 1210 1331 1304 phetarum
1395 1210 1655 1301 petita,
1697 1206 1818 1275 sed
1885 1207 2007 1274 hos
2076 1204 2163 1273 ad
2215 1205 2509 1273 Genesin
2571 1205 2981 1298 respexisse,
3038 1198 3150 1270 vel

982 1323 1150 1392 adeo
1216 1323 1465 1389 librum
1541 1321 1879 1389 Geneseos
1955 1322 2043 1388 ob
2121 1319 2346 1388 oculos
2421 1319 2800 1411 habuisse,
2844 1313 3149 1385 nondum

983 1438 1324 1506 evidenter
1407 1436 1930 1506 demonstratum
2019 1456 2140 1504 est.
2268 1432 2461 1503 MSS.
2536 1434 2742 1499 Hebr.
2820 1446 3152 1526 quotquot

981 1554 1232 1620 inventi
1280 1570 1348 1619 et
1397 1549 1616 1619 collati
1661 1570 1812 1619 sunt
1834 1602 1855 1632 ,
1920 1549 2119 1645 longo
2172 1547 2514 1617 intervallo
2569 1546 2813 1615 distant
2856 1546 2939 1613 ab
2989 1567 3150 1612 aevo

982 1665 1554 1749 Ptolemaeorum,
1611 1684 1677 1733 et
1727 1664 2185 1759 corruptelae,
2252 1690 2414 1758 quas
2474 1663 2939 1731 textus-Hebr.
2989 1657 3153 1728 inde

988 1781 1070 1847 ab
1117 1780 1426 1873 Origenis
1472 1800 1539 1849 et
1586 1773 1979 1874 Hieronymi
2051 1804 2207 1848 aevo
2255 1798 2564 1872 expertus
2618 1797 2751 1859 est,
2806 1776 2984 1845 leves
3032 1777 3153 1844 ha-

985 1896 1132 1963 beri
1182 1913 1461 1989 possunt
1521 1920 1685 1988 prae
1755 1896 2212 1987 superioribus
2280 1914 2429 1962 ante
2482 1894 2791 1987 Origenis
2838 1887 3155 1986 {tempora

986 2008 1201 2077 illatis.
1306 2010 1490 2094 Quae
1559 2011 1643 2077 sit
1693 2007 2114 2076 necessitudo
2167 2010 2340 2075 inter
2389 2008 2875 2075 Samen-itanum
2919 2009 3157 2076 Penta-

988 2125 1303 2193 teuchum
1356 2142 1420 2191 et
1473 2123 1840 2204 Graecum,
1909 2143 2049 2190 tum
2111 2122 2377 2190 demum
2427 2109 2825 2191 luculentius
2872 2146 3159 2218 appare-

988 2240 1124 2321 bit,
1177 2264 1382 2334 quum
1434 2239 1727 2307 Graecus
1772 2240 1856 2305 ab
1909 2240 2088 2305 omni
2139 2256 2327 2330 parte
2379 2262 2685 2305 excussus
2739 2257 2805 2305 et
2847 2236 3160 2329 explana-
3253 2313 3262 2317 j

991 2375 1095 2422 tus
1159 2355 1374 2422 fuerit.
1475 2355 1717 2422 Causas
1739 2406 1758 2435 ,
1806 2355 2047 2446 quibus
2103 2351 2374 2420 adducti
2424 2350 2823 2418 Iudaeorum
2880 2353 3162 2419 Littera-

989 2489 1167 2538 tores
1219 2487 1470 2536 tantum
1520 2469 1646 2535 sibi
1694 2467 2095 2538 indulserint
2137 2492 2256 2561 ego
2322 2470 2575 2561 ignoro.
2675 2467 2880 2534 Num
2893 2466 3044 2533 illi
3049 2491 3157 2536 ca·
3250 2541 3260 2548 ‚

987 2609 1144 2651 vere
1229 2580 1612 2663 voluerunt,
1695 2607 1782 2649 ne
1862 2585 2011 2676 quis
2089 2581 2385 2652 Paradisi
2461 2584 2657 2650 situm
2733 2581 2820 2649 ad
2902 2582 3155 2650 fontem

989 2669 1343 2788 Euphratis
1419 2698 1787 2789 quaesitum
1861 2698 1989 2763 iret
2036 2690 2151 2789 *)?
2267 2696 2470 2763 Num
2526 2697 2611 2765 ob
2681 2697 3153 2791 geographicas

986 2812 1275 2880 rationes
1324 2808 1425 2876 illi
1482 2829 1730 2879 textum
1781 2830 2244 2892 correxerunt,
2310 2836 2443 2906 quo
2498 2814 2840 2905 scriptoris
2903 2813 3164 2906 antiqui

988 2950 1250 2994 erroles
1302 2925 1575 3019 quidam
1625 2928 1695 2993 in
1735 2928 1864 2995 situ
1910 2950 2356 3024 magnorum
2326 2930 2618 2995 amnium
2658 2926 2925 2995 admissi
2968 2930 3156 3021 quasi
3252 3014 3255 3017 ἦ

989 3039 1478 3109 obducto-velo
1532 3041 1965 3135 tegerentur?
2085 3040 2224 3109 Sed
2272 3068 2544 3135 magnus
2598 3044 2710 3111 hic
2758 3044 2944 3110 novis
2995 3065 3157 3111 con·

992 3157 1260 3222 iectnris
1304 3181 1573 3248 campus
1618 3160 1913 3250 aperitur
1941 3208 1960 3239 ,
2021 3159 2093 3223 in
2159 3181 2291 3249 quo
2344 3182 2656 3225 exercere
2701 3181 2775 3226 se
2819 3175 3159 3250 poterunt,

997 3270 1116 3362 qui
1186 3271 1526 3337 conatibus
1587 3274 1752 3338 meis
1828 3270 2086 3364 aliquid
2139 3272 2470 3340 tribuunt:
2541 3270 2787 3364 reliqui
2855 3275 2974 3366 qui
3036 3276 3157 3342 ista

996 3381 1418 3476 vilipendunt
1443 3434 1464 3464 ,
1541 3402 1678 3451 tuto
1754 3388 2182 3478 acquiescent
2263 3387 2336 3452 in
2414 3404 2594 3454 textu
2665 3386 3112 3456 Masorethieo
3133 3420 3173 3473 ,v

994 3500 1115 3565 ubi
1162 3522 1300 3565 non
1349 3496 1638 3591 obliquis
1689 3500 2078 3567 testimoniis
2131 3519 2195 3568 et
2246 3501 2425 3569 vanis
2478 3501 2871 3570 coniecturis
2923 3504 3162 3597 agitur,

997 3611 1120 3683 sed
1169 3612 1379 3680 oculis
1432 3614 1893 3682 contrectabili
1941 3614 2309 3682 litterarum
2375 3614 2509 3682 fide
2560 3634 2759 3709 atque
2811 3615 3158 3689 evidentia.

1194 3728 1348 3796 Non
1413 3725 1736 3796 excutiam
1799 3754 1980 3797 nunc
2044 3729 2423 3825 singillatim
2471 3730 2628 3800 alias
2684 3731 3162 3826 discrepantias
3270 3783 3279 3792 .

996 3842 1241 3914 Graeci
1307 3862 1376 3912 et
1448 3844 1655 3913 Hehr.
1729 3864 1943 3914 textus
2016 3868 2143 3940 per
2211 3846 2424 3941 Capp.
2477 3847 2562 3930 Π,
2609 3846 2735 3930 111,
2795 3871 3006 3941 usque
3073 3843 3161 3914 ad
3220 3926 3227 3934 ,

1008 4040 1121 4052 m-

1047 4147 1098 4219 *J
1132 4147 1330 4201 Videat
1368 4152 1494 4206 Car.
1531 4155 1667 4225 Aug.
1714 4152 1990 4218 Credner,
2030 4152 2168 4208 Prof.
2209 4154 2511 4219 Gietsens„
2564 4173 2634 4209 an
2669 4155 2840 4209 Fonte
2874 4156 2955 4208 uti
2991 4158 3166 4226 possit

1140 4235 1201 4287 in
1240 4238 1547 4291 exornanda
1584 4240 1820 4293 paradisi
1854 4240 2219 4293 delineatione
2255 4242 2676 4313 lithographica‚
2723 4259 2881 4313 quam
2916 4243 3070 4295 dedit
3106 4243 3170 4296 ln

1141 4323 1371 4397 Ingenii
1395 4323 1698 4381 zeitschrift
1723 4326 1812 4381 fiir
1832 4325 1920 4380 die
1938 4328 2125 4384 histor.
2148 4328 2450 4399 Theologie
2466 4330 2619 4384 Tem.
2637 4330 2731 4416 VI,
2765 4331 2807 4386 1.
2837 4331 2985 4403 Lipa.
3020 4331 3167 4388 1836.
