<?xml version="1.0" encoding="UTF-8"?>
<!DOCTYPE html PUBLIC "-//W3C//DTD XHTML 1.0 Transitional//EN"
    "http://www.w3.org/TR/xhtml1/DTD/xhtml1-transitional.dtd">
<html xmlns="http://www.w3.org/1999/xhtml" xml:lang="en" lang="en">
 <head>
  <title>
</title>
<meta http-equiv="Content-Type" content="text/html;charset=utf-8" />
  <meta name='ocr-system' content='tesseract 3.04.00' />
  <meta name='ocr-capabilities' content='ocr_page ocr_carea ocr_par ocr_line ocrx_word'/>
</head>
<body>
  <div class='ocr_page' id='page_1' title='image "./lectionesalexan00plgoog_0134.png"; bbox 0 0 3550 5167; ppageno 0'>
   <div class='ocr_carea' id='block_1_1' title="bbox 976 533 2475 624">
    <p class='ocr_par' dir='ltr' id='par_1_1' title="bbox 976 533 2475 624">
     <span class='ocr_line' id='line_1_1' title="bbox 976 533 2475 624; baseline 0 -21"><span class='ocrx_word' id='word_1_1' title='bbox 976 534 1066 604; x_wconf 87' lang='lat'><em>36</em></span> <span class='ocrx_word' id='word_1_2' title='bbox 1616 534 1779 624; x_wconf 77' lang='lat' dir='ltr'><em>cap.</em></span> <span class='ocrx_word' id='word_1_3' title='bbox 1828 533 1937 600; x_wconf 84' lang='lat' dir='ltr'><em>II.</em></span> <span class='ocrx_word' id='word_1_4' title='bbox 1990 533 2103 624; x_wconf 77' lang='lat' dir='ltr'><em>sp.</em></span> <span class='ocrx_word' id='word_1_5' title='bbox 2208 534 2317 600; x_wconf 82' lang='lat' dir='ltr'><em>Ps.</em></span> <span class='ocrx_word' id='word_1_6' title='bbox 2367 535 2475 603; x_wconf 66' lang='lat'><em>13.</em></span> 
     </span>
    </p>
   </div>
   <div class='ocr_carea' id='block_1_2' title="bbox 875 729 3199 4381">
    <p class='ocr_par' dir='ltr' id='par_1_2' title="bbox 875 729 3124 1283">
     <span class='ocr_line' id='line_1_2' title="bbox 975 729 3120 823; baseline 0 -26"><span class='ocrx_word' id='word_1_7' title='bbox 975 733 1184 799; x_wconf 65' lang='lat' dir='ltr'><em>inulta</em></span> <span class='ocrx_word' id='word_1_8' title='bbox 1223 730 1508 823; x_wconf 78' lang='lat' dir='ltr'><em>cogebat</em></span> <span class='ocrx_word' id='word_1_9' title='bbox 1559 730 1885 822; x_wconf 74' lang='lat' dir='ltr'><em>exempla.</em></span> <span class='ocrx_word' id='word_1_10' title='bbox 1951 729 2277 798; x_wconf 81' lang='lat' dir='ltr'><em>Arbitror</em></span> <span class='ocrx_word' id='word_1_11' title='bbox 2325 731 2611 797; x_wconf 82' lang='lat' dir='ltr'><em>solutam</em></span> <span class='ocrx_word' id='word_1_12' title='bbox 2658 734 3120 821; x_wconf 80' lang='lat' dir='ltr'><em>quaestionem</em></span> 
     </span>
     <span class='ocr_line' id='line_1_3' title="bbox 979 846 3118 937; baseline -0.002 -22"><span class='ocrx_word' id='word_1_13' title='bbox 979 866 1206 925; x_wconf 82' lang='lat' dir='ltr'><em>tuam,</em></span> <span class='ocrx_word' id='word_1_14' title='bbox 1290 864 1358 913; x_wconf 83' lang='lat' dir='ltr'><em>et</em></span> <span class='ocrx_word' id='word_1_15' title='bbox 1436 863 1744 913; x_wconf 83' lang='lat' dir='ltr'><em>nostram</em></span> <span class='ocrx_word' id='word_1_16' title='bbox 1818 846 2124 937; x_wconf 81' lang='lat' dir='ltr'><em>regulam</em></span> <span class='ocrx_word' id='word_1_17' title='bbox 2192 870 2394 937; x_wconf 82' lang='lat' dir='ltr'><em>super</em></span> <span class='ocrx_word' id='word_1_18' title='bbox 2460 846 2912 911; x_wconf 82' lang='lat' dir='ltr'><em>translatione</em></span> <span class='ocrx_word' id='word_1_19' title='bbox 2966 848 3041 916; x_wconf 90' lang='lat' dir='ltr'><em>V</em></span> <span class='ocrx_word' id='word_1_20' title='bbox 3031 862 3118 911; x_wconf 79' lang='lat' dir='ltr'><em>et.</em></span> 
     </span>
     <span class='ocr_line' id='line_1_4' title="bbox 975 965 3117 1052; baseline -0.002 -22"><span class='ocrx_word' id='word_1_21' title='bbox 975 966 1431 1033; x_wconf 79' lang='lat' dir='ltr'><em>Instrumenti</em></span> <span class='ocrx_word' id='word_1_22' title='bbox 1492 984 1886 1027; x_wconf 82' lang='lat' dir='ltr'><em>concussam</em></span> <span class='ocrx_word' id='word_1_23' title='bbox 1934 965 2152 1052; x_wconf 80' lang='lat' dir='ltr'><em>magis</em></span> <span class='ocrx_word' id='word_1_24' title='bbox 2215 985 2359 1027; x_wconf 89' lang='lat' dir='ltr'><em>esse</em></span> <span class='ocrx_word' id='word_1_25' title='bbox 2425 982 2626 1052; x_wconf 81' lang='lat' dir='ltr'><em>qaam</em></span> <span class='ocrx_word' id='word_1_26' title='bbox 2693 977 2944 1026; x_wconf 87' lang='lat' dir='ltr'><em>motam</em></span> <span class='ocrx_word' id='word_1_27' title='bbox 2959 989 2980 1039; x_wconf 83' lang='lat'><em>‚-</em></span> <span class='ocrx_word' id='word_1_28' title='bbox 3050 977 3117 1026; x_wconf 86' lang='lat' dir='ltr'><em>et</em></span> 
     </span>
     <span class='ocr_line' id='line_1_5' title="bbox 977 1072 3124 1169; baseline -0 -26"><span class='ocrx_word' id='word_1_29' title='bbox 977 1101 1119 1143; x_wconf 89' lang='lat' dir='ltr'><em>non</em></span> <span class='ocrx_word' id='word_1_30' title='bbox 1168 1093 1309 1141; x_wconf 86' lang='lat' dir='ltr'><em>tam</em></span> <span class='ocrx_word' id='word_1_31' title='bbox 1354 1072 1756 1169; x_wconf 84' lang='lat' dir='ltr'><em>Apostolum</em></span> <span class='ocrx_word' id='word_1_32' title='bbox 1804 1074 1895 1139; x_wconf 87' lang='lat' dir='ltr'><em>de</em></span> <span class='ocrx_word' id='word_1_33' title='bbox 1933 1076 2206 1141; x_wconf 81' lang='lat' dir='ltr'><em>Psalmo</em></span> <span class='ocrx_word' id='word_1_34' title='bbox 2244 1076 2457 1143; x_wconf 90' lang='lat' dir='ltr'><em>XIII</em></span> <span class='ocrx_word' id='word_1_35' title='bbox 2494 1081 2890 1166; x_wconf 80' lang='lat' dir='ltr'><em>sumpsisse,</em></span> <span class='ocrx_word' id='word_1_36' title='bbox 2938 1075 3124 1167; x_wconf 79' lang='lat' dir='ltr'><em>quod</em></span> 
     </span>
     <span class='ocr_line' id='line_1_6' title="bbox 875 1189 3123 1283; baseline 0 -27"><span class='ocrx_word' id='word_1_37' title='bbox 875 1249 880 1256; x_wconf 23' lang='grc' dir='ltr'><em>Α</em></span> <span class='ocrx_word' id='word_1_38' title='bbox 973 1196 1050 1258; x_wconf 89' lang='lat' dir='ltr'><em>in</em></span> <span class='ocrx_word' id='word_1_39' title='bbox 1096 1190 1442 1259; x_wconf 81' lang='lat' dir='ltr'><em>Hebraico</em></span> <span class='ocrx_word' id='word_1_40' title='bbox 1492 1213 1635 1256; x_wconf 81' lang='lat' dir='ltr'><em>non</em></span> <span class='ocrx_word' id='word_1_41' title='bbox 1685 1189 2010 1264; x_wconf 76' lang='lat' dir='ltr'><em>habetur,</em></span> <span class='ocrx_word' id='word_1_42' title='bbox 2077 1214 2277 1283; x_wconf 81' lang='lat' dir='ltr'><em>quam</em></span> <span class='ocrx_word' id='word_1_43' title='bbox 2319 1213 2473 1265; x_wconf 86' lang='lat' dir='ltr'><em>eos,</em></span> <span class='ocrx_word' id='word_1_44' title='bbox 2534 1196 2651 1281; x_wconf 79' lang='lat' dir='ltr'><em>qui</em></span> <span class='ocrx_word' id='word_1_45' title='bbox 2689 1207 2910 1257; x_wconf 85' lang='lat' dir='ltr'><em>artem</em></span> <span class='ocrx_word' id='word_1_46' title='bbox 2959 1215 3123 1257; x_wconf 86' lang='lat' dir='ltr'><em>con-</em></span> 
     </span>
    </p>

    <p class='ocr_par' dir='ltr' id='par_1_3' title="bbox 945 1291 3131 3207">
     <span class='ocr_line' id='line_1_7' title="bbox 945 1291 3124 1396; baseline -0 -24"><span class='ocrx_word' id='word_1_47' title='bbox 945 1301 1428 1372; x_wconf 62' lang='lat' dir='ltr'><em>texendarum</em></span> <span class='ocrx_word' id='word_1_48' title='bbox 1476 1310 1662 1371; x_wconf 85' lang='lat' dir='ltr'><em>inter</em></span> <span class='ocrx_word' id='word_1_49' title='bbox 1707 1328 1782 1369; x_wconf 90' lang='lat' dir='ltr'><em>se</em></span> <span class='ocrx_word' id='word_1_50' title='bbox 1815 1291 2322 1395; x_wconf 70' lang='lat' dir='ltr'><em>Scripturarunz</em></span> <span class='ocrx_word' id='word_1_51' title='bbox 2347 1299 2664 1396; x_wconf 85' lang='lat' dir='ltr'><em>Apostoli</em></span> <span class='ocrx_word' id='word_1_52' title='bbox 2708 1305 3124 1382; x_wconf 78' lang='lat' dir='ltr'><em>nesciebant,</em></span> 
     </span>
     <span class='ocr_line' id='line_1_8' title="bbox 978 1417 3126 1520; baseline 0 -35"><span class='ocrx_word' id='word_1_53' title='bbox 978 1426 1319 1511; x_wconf 83' lang='lat' dir='ltr'><em>quaesisse</em></span> <span class='ocrx_word' id='word_1_54' title='bbox 1382 1435 1614 1512; x_wconf 81' lang='lat' dir='ltr'><em>aptum</em></span> <span class='ocrx_word' id='word_1_55' title='bbox 1675 1417 1939 1520; x_wconf 61' lang='lat' dir='ltr'><em>locunt,</em></span> <span class='ocrx_word' id='word_1_56' title='bbox 2013 1418 2130 1486; x_wconf 82' lang='lat' dir='ltr'><em>ubi</em></span> <span class='ocrx_word' id='word_1_57' title='bbox 2185 1436 2593 1509; x_wconf 81' lang='lat' dir='ltr'><em>assumptum</em></span> <span class='ocrx_word' id='word_1_58' title='bbox 2651 1418 2739 1485; x_wconf 88' lang='lat' dir='ltr'><em>ab</em></span> <span class='ocrx_word' id='word_1_59' title='bbox 2787 1443 2866 1485; x_wconf 90' lang='lat' dir='ltr'><em>eo</em></span> <span class='ocrx_word' id='word_1_60' title='bbox 2911 1443 3126 1511; x_wconf 83' lang='lat' dir='ltr'><em>pone·-</em></span> 
     </span>
     <span class='ocr_line' id='line_1_9' title="bbox 980 1533 3127 1628; baseline -0 -28"><span class='ocrx_word' id='word_1_61' title='bbox 980 1551 1139 1601; x_wconf 84' lang='lat' dir='ltr'><em>rent</em></span> <span class='ocrx_word' id='word_1_62' title='bbox 1177 1538 1657 1608; x_wconf 80' lang='lat' dir='ltr'><em>testimonium,</em></span> <span class='ocrx_word' id='word_1_63' title='bbox 1710 1533 1895 1626; x_wconf 83' lang='lat' dir='ltr'><em>quod</em></span> <span class='ocrx_word' id='word_1_64' title='bbox 1934 1533 2182 1626; x_wconf 82' lang='lat' dir='ltr'><em>absque</em></span> <span class='ocrx_word' id='word_1_65' title='bbox 2220 1539 2631 1601; x_wconf 82' lang='lat' dir='ltr'><em>auctoritate</em></span> <span class='ocrx_word' id='word_1_66' title='bbox 2671 1539 2747 1599; x_wconf 87' lang='lat' dir='ltr'><em>in</em></span> <span class='ocrx_word' id='word_1_67' title='bbox 2772 1535 3127 1628; x_wconf 82' lang='lat' dir='ltr'><em>Scriptura</em></span> 
     </span>
     <span class='ocr_line' id='line_1_10' title="bbox 973 1647 3127 1743; baseline -0 -27"><span class='ocrx_word' id='word_1_68' title='bbox 973 1655 1269 1742; x_wconf 82' lang='lat' dir='ltr'><em>positum</em></span> <span class='ocrx_word' id='word_1_69' title='bbox 1318 1674 1463 1715; x_wconf 85' lang='lat' dir='ltr'><em>non</em></span> <span class='ocrx_word' id='word_1_70' title='bbox 1506 1647 1861 1741; x_wconf 79' lang='lat' dir='ltr'><em>putabant.</em></span> <span class='ocrx_word' id='word_1_71' title='bbox 1961 1651 2273 1743; x_wconf 86' lang='lat' dir='ltr'><em>Denique</em></span> <span class='ocrx_word' id='word_1_72' title='bbox 2322 1673 2556 1715; x_wconf 89' lang='lat' dir='ltr'><em>omnes</em></span> <span class='ocrx_word' id='word_1_73' title='bbox 2599 1647 2938 1717; x_wconf 83' lang='lat' dir='ltr'><em>Graeciae</em></span> <span class='ocrx_word' id='word_1_74' title='bbox 2981 1666 3127 1715; x_wconf 85' lang='lat' dir='ltr'><em>tra-</em></span> 
     </span>
     <span class='ocr_line' id='line_1_11' title="bbox 980 1762 3127 1857; baseline -0 -27"><span class='ocrx_word' id='word_1_75' title='bbox 980 1779 1320 1840; x_wconf 81' lang='lat' dir='ltr'><em>ctatores,</em></span> <span class='ocrx_word' id='word_1_76' title='bbox 1387 1768 1506 1857; x_wconf 80' lang='lat' dir='ltr'><em>qui</em></span> <span class='ocrx_word' id='word_1_77' title='bbox 1560 1762 1756 1829; x_wconf 85' lang='lat' dir='ltr'><em>nobis</em></span> <span class='ocrx_word' id='word_1_78' title='bbox 1803 1762 2206 1831; x_wconf 78' lang='lat' dir='ltr'><em>eruditionis</em></span> <span class='ocrx_word' id='word_1_79' title='bbox 2252 1788 2415 1829; x_wconf 86' lang='lat' dir='ltr'><em>suae</em></span> <span class='ocrx_word' id='word_1_80' title='bbox 2466 1768 2540 1829; x_wconf 88' lang='lat' dir='ltr'><em>in</em></span> <span class='ocrx_word' id='word_1_81' title='bbox 2586 1766 2899 1832; x_wconf 88' lang='lat' dir='ltr'><em>Psalmos</em></span> <span class='ocrx_word' id='word_1_82' title='bbox 2949 1787 3127 1830; x_wconf 77' lang='lat' dir='ltr'><em>com·-</em></span> 
     </span>
     <span class='ocr_line' id='line_1_12' title="bbox 980 1877 3127 1972; baseline -0 -28"><span class='ocrx_word' id='word_1_83' title='bbox 980 1883 1350 1945; x_wconf 85' lang='lat' dir='ltr'><em>mentarios</em></span> <span class='ocrx_word' id='word_1_84' title='bbox 1417 1878 1839 1972; x_wconf 83' lang='lat' dir='ltr'><em>reliquerunt</em></span> <span class='ocrx_word' id='word_1_85' title='bbox 1858 1927 1885 1954; x_wconf 89' lang='lat'><em>,</em></span> <span class='ocrx_word' id='word_1_86' title='bbox 1959 1877 2083 1946; x_wconf 76' lang='lat' dir='ltr'><em>hos</em></span> <span class='ocrx_word' id='word_1_87' title='bbox 2148 1880 2507 1946; x_wconf 77' lang='lat' dir='ltr'><em>versiculos</em></span> <span class='ocrx_word' id='word_1_88' title='bbox 2568 1903 2724 1944; x_wconf 76' lang='lat' dir='ltr'><em>veru</em></span> <span class='ocrx_word' id='word_1_89' title='bbox 2781 1895 3127 1945; x_wconf 84' lang='lat' dir='ltr'><em>annotant</em></span> 
     </span>
     <span class='ocr_line' id='line_1_13' title="bbox 977 1992 3125 2088; baseline -0.001 -29"><span class='ocrx_word' id='word_1_90' title='bbox 977 2010 1182 2088; x_wconf 81' lang='lat' dir='ltr'><em>atque</em></span> <span class='ocrx_word' id='word_1_91' title='bbox 1244 2009 1688 2085; x_wconf 78' lang='lat' dir='ltr'><em>praetereunt</em></span> <span class='ocrx_word' id='word_1_92' title='bbox 1718 2042 1745 2069; x_wconf 88' lang='lat'><em>,</em></span> <span class='ocrx_word' id='word_1_93' title='bbox 1826 1993 2081 2087; x_wconf 83' lang='lat' dir='ltr'><em>liquido</em></span> <span class='ocrx_word' id='word_1_94' title='bbox 2155 1993 2563 2087; x_wconf 84' lang='lat' dir='ltr'><em>confitentes</em></span> <span class='ocrx_word' id='word_1_95' title='bbox 2645 1998 2718 2059; x_wconf 87' lang='lat' dir='ltr'><em>in</em></span> <span class='ocrx_word' id='word_1_96' title='bbox 2781 1992 3125 2059; x_wconf 86' lang='lat' dir='ltr'><em>Hebraico</em></span> 
     </span>
     <span class='ocr_line' id='line_1_14' title="bbox 979 2101 3129 2201; baseline -0 -27"><span class='ocrx_word' id='word_1_97' title='bbox 979 2131 1125 2174; x_wconf 91' lang='lat' dir='ltr'><em>non</em></span> <span class='ocrx_word' id='word_1_98' title='bbox 1173 2107 1413 2175; x_wconf 81' lang='lat' dir='ltr'><em>haberi</em></span> <span class='ocrx_word' id='word_1_99' title='bbox 1430 2156 1458 2185; x_wconf 86' lang='lat'><em>,</em></span> <span class='ocrx_word' id='word_1_100' title='bbox 1526 2132 1652 2175; x_wconf 90' lang='lat' dir='ltr'><em>nec</em></span> <span class='ocrx_word' id='word_1_101' title='bbox 1717 2131 1863 2175; x_wconf 90' lang='lat' dir='ltr'><em>esse</em></span> <span class='ocrx_word' id='word_1_102' title='bbox 1928 2113 2004 2175; x_wconf 85' lang='lat' dir='ltr'><em>in</em></span> <span class='ocrx_word' id='word_1_103' title='bbox 2052 2110 2254 2176; x_wconf 90' lang='lat' dir='ltr'><em>LXX</em></span> <span class='ocrx_word' id='word_1_104' title='bbox 2297 2101 2795 2201; x_wconf 74' lang='lat' dir='ltr'><em>Inter-precibus</em></span> <span class='ocrx_word' id='word_1_105' title='bbox 2840 2104 3129 2199; x_wconf 79' lang='lat' dir='ltr'><em>[nempe</em></span> 
     </span>
     <span class='ocr_line' id='line_1_15' title="bbox 976 2219 3131 2315; baseline -0 -25"><span class='ocrx_word' id='word_1_106' title='bbox 976 2226 1056 2290; x_wconf 86' lang='lat' dir='ltr'><em>in</em></span> <span class='ocrx_word' id='word_1_107' title='bbox 1107 2239 1299 2289; x_wconf 80' lang='lat' dir='ltr'><em>textu</em></span> <span class='ocrx_word' id='word_1_108' title='bbox 1364 2219 1761 2315; x_wconf 79' lang='lat' dir='ltr'><em>lzexaplari]</em></span> <span class='ocrx_word' id='word_1_109' title='bbox 1840 2222 1966 2288; x_wconf 87' lang='lat' dir='ltr'><em>sed</em></span> <span class='ocrx_word' id='word_1_110' title='bbox 2023 2226 2099 2289; x_wconf 85' lang='lat' dir='ltr'><em>in</em></span> <span class='ocrx_word' id='word_1_111' title='bbox 2169 2222 2469 2288; x_wconf 87' lang='lat' dir='ltr'><em>editione</em></span> <span class='ocrx_word' id='word_1_112' title='bbox 2549 2222 2828 2314; x_wconf 77' lang='lat' dir='ltr'><em>vulgata</em></span> <span class='ocrx_word' id='word_1_113' title='bbox 2854 2269 2881 2297; x_wconf 91' lang='lat'><em>,</em></span> <span class='ocrx_word' id='word_1_114' title='bbox 2955 2244 3131 2312; x_wconf 79' lang='lat' dir='ltr'><em>quae</em></span> 
     </span>
     <span class='ocr_line' id='line_1_16' title="bbox 982 2333 3127 2422; baseline -0.002 -17"><span class='ocrx_word' id='word_1_115' title='bbox 982 2337 1255 2405; x_wconf 85' lang='lat' dir='ltr'><em>Graece</em></span> <span class='ocrx_word' id='word_1_116' title='bbox 1312 2333 1530 2414; x_wconf 83' lang='grc' dir='ltr'><strong><em>Κοινὴ</em></strong></span> <span class='ocrx_word' id='word_1_117' title='bbox 1595 2335 1848 2402; x_wconf 86' lang='lat' dir='ltr'><em>dicitur</em></span> <span class='ocrx_word' id='word_1_118' title='bbox 1922 2352 1991 2402; x_wconf 86' lang='lat' dir='ltr'><em>et</em></span> <span class='ocrx_word' id='word_1_119' title='bbox 2062 2339 2139 2401; x_wconf 88' lang='lat' dir='ltr'><em>in</em></span> <span class='ocrx_word' id='word_1_120' title='bbox 2225 2352 2370 2402; x_wconf 87' lang='lat' dir='ltr'><em>toto</em></span> <span class='ocrx_word' id='word_1_121' title='bbox 2446 2335 2609 2422; x_wconf 79' lang='lat' dir='ltr'><em>orbe</em></span> <span class='ocrx_word' id='word_1_122' title='bbox 2671 2336 2941 2402; x_wconf 79' lang='lat' dir='ltr'><em>diversa</em></span> <span class='ocrx_word' id='word_1_123' title='bbox 3007 2352 3127 2402; x_wconf 84' lang='lat' dir='ltr'><em>est.</em></span> 
     </span>
     <span class='ocr_line' id='line_1_17' title="bbox 976 2449 3126 2545; baseline -0 -28"><span class='ocrx_word' id='word_1_124' title='bbox 976 2450 1160 2517; x_wconf 84' lang='lat' dir='ltr'><em>Haec</em></span> <span class='ocrx_word' id='word_1_125' title='bbox 1202 2449 1335 2517; x_wconf 87' lang='lat' dir='ltr'><em>ille.</em></span> <span class='ocrx_word' id='word_1_126' title='bbox 1415 2452 1684 2517; x_wconf 78' lang='lat' dir='ltr'><em>Debent</em></span> <span class='ocrx_word' id='word_1_127' title='bbox 1732 2469 1949 2518; x_wconf 84' lang='lat' dir='ltr'><em>autem</em></span> <span class='ocrx_word' id='word_1_128' title='bbox 1995 2451 2066 2518; x_wconf 88' lang='lat' dir='ltr'><em>in</em></span> <span class='ocrx_word' id='word_1_129' title='bbox 2117 2452 2256 2518; x_wconf 89' lang='lat' dir='ltr'><em>eius</em></span> <span class='ocrx_word' id='word_1_130' title='bbox 2305 2453 2520 2518; x_wconf 83' lang='lat' dir='ltr'><em>verbis</em></span> <span class='ocrx_word' id='word_1_131' title='bbox 2571 2452 2784 2545; x_wconf 83' lang='lat' dir='ltr'><em>probe</em></span> <span class='ocrx_word' id='word_1_132' title='bbox 2837 2449 3126 2518; x_wconf 83' lang='lat' dir='ltr'><em>discerni</em></span> 
     </span>
     <span class='ocr_line' id='line_1_18' title="bbox 976 2563 3127 2659; baseline -0 -27"><span class='ocrx_word' id='word_1_133' title='bbox 976 2566 1425 2634; x_wconf 87' lang='lat' dir='ltr'><em>testimonium</em></span> <span class='ocrx_word' id='word_1_134' title='bbox 1492 2583 1558 2632; x_wconf 84' lang='lat' dir='ltr'><em>et</em></span> <span class='ocrx_word' id='word_1_135' title='bbox 1628 2563 1966 2631; x_wconf 84' lang='lat' dir='ltr'><em>iudicium.</em></span> <span class='ocrx_word' id='word_1_136' title='bbox 2084 2567 2567 2632; x_wconf 82' lang='lat' dir='ltr'><em>Testimonium</em></span> <span class='ocrx_word' id='word_1_137' title='bbox 2623 2586 2694 2634; x_wconf 88' lang='lat' dir='ltr'><em>ut</em></span> <span class='ocrx_word' id='word_1_138' title='bbox 2751 2568 3127 2659; x_wconf 81' lang='lat' dir='ltr'><em>antiquum,</em></span> 
     </span>
     <span class='ocr_line' id='line_1_19' title="bbox 976 2677 3129 2773; baseline 0 -28"><span class='ocrx_word' id='word_1_139' title='bbox 976 2682 1371 2773; x_wconf 84' lang='lat' dir='ltr'><em>ingenuum,</em></span> <span class='ocrx_word' id='word_1_140' title='bbox 1418 2677 1693 2772; x_wconf 85' lang='lat' dir='ltr'><em>planum</em></span> <span class='ocrx_word' id='word_1_141' title='bbox 1742 2704 2163 2761; x_wconf 83' lang='lat' dir='ltr'><em>reveremur,</em></span> <span class='ocrx_word' id='word_1_142' title='bbox 2210 2679 2532 2746; x_wconf 88' lang='lat' dir='ltr'><em>iudicium</em></span> <span class='ocrx_word' id='word_1_143' title='bbox 2575 2682 2736 2748; x_wconf 88' lang='lat' dir='ltr'><em>tanti</em></span> <span class='ocrx_word' id='word_1_144' title='bbox 2778 2704 2917 2746; x_wconf 89' lang='lat' dir='ltr'><em>non</em></span> <span class='ocrx_word' id='word_1_145' title='bbox 2966 2680 3129 2747; x_wconf 86' lang='lat' dir='ltr'><em>faci-</em></span> 
     </span>
     <span class='ocr_line' id='line_1_20' title="bbox 971 2795 3126 2888; baseline -0.001 -26"><span class='ocrx_word' id='word_1_146' title='bbox 971 2820 1142 2864; x_wconf 86' lang='lat' dir='ltr'><em>mus.</em></span> <span class='ocrx_word' id='word_1_147' title='bbox 1246 2797 1730 2862; x_wconf 87' lang='lat' dir='ltr'><em>Testimonium</em></span> <span class='ocrx_word' id='word_1_148' title='bbox 1790 2796 2070 2861; x_wconf 85' lang='lat' dir='ltr'><em>mirifice</em></span> <span class='ocrx_word' id='word_1_149' title='bbox 2133 2795 2475 2862; x_wconf 82' lang='lat' dir='ltr'><em>confirmat</em></span> <span class='ocrx_word' id='word_1_150' title='bbox 2486 2846 2506 2876; x_wconf 91' lang='lat'>‚</span> <span class='ocrx_word' id='word_1_151' title='bbox 2573 2795 2758 2888; x_wconf 87' lang='lat' dir='ltr'><em>quod</em></span> <span class='ocrx_word' id='word_1_152' title='bbox 2801 2820 2881 2861; x_wconf 85' lang='lat' dir='ltr'><em>ex</em></span> <span class='ocrx_word' id='word_1_153' title='bbox 2930 2818 3126 2887; x_wconf 86' lang='lat' dir='ltr'><em>supe·</em></span> 
     </span>
     <span class='ocr_line' id='line_1_21' title="bbox 972 2903 3128 3004; baseline 0 -29"><span class='ocrx_word' id='word_1_154' title='bbox 972 2911 1264 2976; x_wconf 84' lang='lat' dir='ltr'><em>rioribus</em></span> <span class='ocrx_word' id='word_1_155' title='bbox 1310 2909 1814 3003; x_wconf 86' lang='lat' dir='ltr'><em>colligebamus,</em></span> <span class='ocrx_word' id='word_1_156' title='bbox 1879 2909 2063 2977; x_wconf 87' lang='lat' dir='ltr'><em>illam</em></span> <span class='ocrx_word' id='word_1_157' title='bbox 2111 2912 2498 3004; x_wconf 81' lang='lat' dir='ltr'><em>pericopam</em></span> <span class='ocrx_word' id='word_1_158' title='bbox 2541 2909 2743 2977; x_wconf 86' lang='lat' dir='ltr'><em>fuisse</em></span> <span class='ocrx_word' id='word_1_159' title='bbox 2787 2903 2911 2988; x_wconf 73' lang='grc' dir='ltr'><em>τῆς</em></span> <span class='ocrx_word' id='word_1_160' title='bbox 2958 2911 3128 2976; x_wconf 83' lang='grc' dir='ltr'>Κοι-</span> 
     </span>
     <span class='ocr_line' id='line_1_22' title="bbox 971 3025 3126 3119; baseline -0.001 -26"><span class='ocrx_word' id='word_1_161' title='bbox 971 3026 1090 3102; x_wconf 69' lang='grc' dir='ltr'><em>νῆς</em></span> <span class='ocrx_word' id='word_1_162' title='bbox 1139 3050 1189 3091; x_wconf 86' lang='lat' dir='ltr'><em>s.</em></span> <span class='ocrx_word' id='word_1_163' title='bbox 1240 3027 1494 3119; x_wconf 80' lang='lat' dir='ltr'><em>nativae</em></span> <span class='ocrx_word' id='word_1_164' title='bbox 1552 3050 1629 3093; x_wconf 84' lang='lat' dir='ltr'><em>ac</em></span> <span class='ocrx_word' id='word_1_165' title='bbox 1688 3026 2121 3118; x_wconf 81' lang='lat' dir='ltr'><em>primigeniae</em></span> <span class='ocrx_word' id='word_1_166' title='bbox 2185 3051 2234 3093; x_wconf 87' lang='lat' dir='ltr'><em>s.</em></span> <span class='ocrx_word' id='word_1_167' title='bbox 2296 3042 2647 3117; x_wconf 84' lang='lat' dir='ltr'><em>corruptae</em></span> <span class='ocrx_word' id='word_1_168' title='bbox 2706 3041 2771 3092; x_wconf 88' lang='lat' dir='ltr'><em>et</em></span> <span class='ocrx_word' id='word_1_169' title='bbox 2826 3025 3126 3116; x_wconf 85' lang='lat' dir='ltr'><em>interpo-</em></span> 
     </span>
     <span class='ocr_line' id='line_1_23' title="bbox 973 3115 1648 3207; baseline 0.007 -5"><span class='ocrx_word' id='word_1_170' title='bbox 973 3115 1275 3205; x_wconf 77' lang='lat' dir='ltr'><em>lamentis</em></span> <span class='ocrx_word' id='word_1_171' title='bbox 1325 3159 1648 3207; x_wconf 87' lang='lat' dir='ltr'><em>oneratae.</em></span> 
     </span>
    </p>

    <p class='ocr_par' dir='ltr' id='par_1_4' title="bbox 973 3249 3127 3665">
     <span class='ocr_line' id='line_1_24' title="bbox 1168 3249 3126 3348; baseline -0.001 -29"><span class='ocrx_word' id='word_1_172' title='bbox 1168 3251 1369 3319; x_wconf 85' lang='lat' dir='ltr'><em>Unde</em></span> <span class='ocrx_word' id='word_1_173' title='bbox 1438 3256 1639 3346; x_wconf 87' lang='lat' dir='ltr'><em>igitur</em></span> <span class='ocrx_word' id='word_1_174' title='bbox 1699 3274 1852 3321; x_wconf 85' lang='lat' dir='ltr'><em>octo</em></span> <span class='ocrx_word' id='word_1_175' title='bbox 1917 3249 2174 3348; x_wconf 81' lang='grc' dir='ltr'><strong><em>στίχοι</em></strong></span> <span class='ocrx_word' id='word_1_176' title='bbox 2240 3258 2380 3337; x_wconf 86' lang='lat' dir='ltr'><em>isti,</em></span> <span class='ocrx_word' id='word_1_177' title='bbox 2459 3276 2744 3348; x_wconf 86' lang='lat' dir='ltr'><em>quorum</em></span> <span class='ocrx_word' id='word_1_178' title='bbox 2803 3276 2931 3319; x_wconf 88' lang='lat' dir='ltr'><em>nec</em></span> <span class='ocrx_word' id='word_1_179' title='bbox 2979 3251 3126 3323; x_wconf 78' lang='lat' dir='ltr'><em>vola</em></span> 
     </span>
     <span class='ocr_line' id='line_1_25' title="bbox 973 3366 3127 3460; baseline -0.001 -26"><span class='ocrx_word' id='word_1_180' title='bbox 973 3392 1102 3434; x_wconf 86' lang='lat' dir='ltr'><em>nec</em></span> <span class='ocrx_word' id='word_1_181' title='bbox 1148 3368 1492 3459; x_wconf 85' lang='lat' dir='ltr'><em>vestigium</em></span> <span class='ocrx_word' id='word_1_182' title='bbox 1539 3371 1609 3434; x_wconf 85' lang='lat' dir='ltr'><em>in</em></span> <span class='ocrx_word' id='word_1_183' title='bbox 1647 3370 1750 3434; x_wconf 84' lang='lat' dir='ltr'><em>Ps.</em></span> <span class='ocrx_word' id='word_1_184' title='bbox 1795 3368 1938 3438; x_wconf 76' lang='lat'><em>52?</em></span> <span class='ocrx_word' id='word_1_185' title='bbox 1991 3395 2028 3436; x_wconf 87' lang='lat' dir='ltr'><em>a</em></span> <span class='ocrx_word' id='word_1_186' title='bbox 2056 3370 2327 3437; x_wconf 86' lang='lat' dir='ltr'><em>Graecis</em></span> <span class='ocrx_word' id='word_1_187' title='bbox 2376 3371 2685 3451; x_wconf 74' lang='lat' dir='ltr'><em>librarii5‚</em></span> <span class='ocrx_word' id='word_1_188' title='bbox 2736 3368 2850 3460; x_wconf 88' lang='lat' dir='ltr'><em>qui</em></span> <span class='ocrx_word' id='word_1_189' title='bbox 2904 3366 3127 3435; x_wconf 84' lang='lat' dir='ltr'><em>locum</em></span> 
     </span>
     <span class='ocr_line' id='line_1_26' title="bbox 976 3481 3124 3575; baseline 0.001 -27"><span class='ocrx_word' id='word_1_190' title='bbox 976 3508 1056 3549; x_wconf 83' lang='lat' dir='ltr'><em>ex</em></span> <span class='ocrx_word' id='word_1_191' title='bbox 1109 3482 1295 3562; x_wconf 87' lang='lat' dir='ltr'><em>Rom.</em></span> <span class='ocrx_word' id='word_1_192' title='bbox 1326 3481 1405 3563; x_wconf 86' lang='lat'><em>3,</em></span> <span class='ocrx_word' id='word_1_193' title='bbox 1464 3483 1551 3551; x_wconf 87' lang='lat'><em>13</em></span> <span class='ocrx_word' id='word_1_194' title='bbox 1616 3483 1751 3551; x_wconf 86' lang='lat' dir='ltr'><em>huc</em></span> <span class='ocrx_word' id='word_1_195' title='bbox 1826 3501 2074 3551; x_wconf 88' lang='lat' dir='ltr'><em>temere</em></span> <span class='ocrx_word' id='word_1_196' title='bbox 2136 3484 2570 3552; x_wconf 85' lang='lat' dir='ltr'><em>traduxerunt</em></span> <span class='ocrx_word' id='word_1_197' title='bbox 2595 3534 2617 3565; x_wconf 88' lang='lat'>‚</span> <span class='ocrx_word' id='word_1_198' title='bbox 2676 3507 2761 3548; x_wconf 88' lang='lat' dir='ltr'><em>an</em></span> <span class='ocrx_word' id='word_1_199' title='bbox 2829 3482 2913 3548; x_wconf 88' lang='lat' dir='ltr'><em>ab</em></span> <span class='ocrx_word' id='word_1_200' title='bbox 2961 3483 3124 3575; x_wconf 80' lang='lat' dir='ltr'><em>ipsis</em></span> 
     </span>
     <span class='ocr_line' id='line_1_27' title="bbox 973 3596 1203 3665; baseline 0.004 -3"><span class='ocrx_word' id='word_1_201' title='bbox 973 3596 1203 3665; x_wconf 76' lang='lat' dir='ltr'>LXX?</span> 
     </span>
    </p>

    <p class='ocr_par' dir='ltr' id='par_1_5' title="bbox 974 3709 3199 4381">
     <span class='ocr_line' id='line_1_28' title="bbox 1167 3709 3124 3809; baseline 0.001 -30"><span class='ocrx_word' id='word_1_202' title='bbox 1167 3709 1529 3780; x_wconf 85' lang='lat' dir='ltr'><em>Videamus</em></span> <span class='ocrx_word' id='word_1_203' title='bbox 1568 3714 1895 3806; x_wconf 85' lang='lat' dir='ltr'><em>primum,</em></span> <span class='ocrx_word' id='word_1_204' title='bbox 1947 3712 2232 3783; x_wconf 84' lang='lat' dir='ltr'><em>librariis</em></span> <span class='ocrx_word' id='word_1_205' title='bbox 2284 3732 2601 3809; x_wconf 84' lang='lat' dir='ltr'><em>quantum</em></span> <span class='ocrx_word' id='word_1_206' title='bbox 2649 3714 2852 3783; x_wconf 88' lang='lat' dir='ltr'><em>tribui</em></span> <span class='ocrx_word' id='word_1_207' title='bbox 2898 3713 3124 3807; x_wconf 76' lang='lat' dir='ltr'><em>possit.</em></span> 
     </span>
     <span class='ocr_line' id='line_1_29' title="bbox 977 3826 3126 3913; baseline -0.001 -20"><span class='ocrx_word' id='word_1_208' title='bbox 977 3826 1310 3893; x_wconf 85' lang='lat' dir='ltr'><em>Nimirum</em></span> <span class='ocrx_word' id='word_1_209' title='bbox 1358 3827 1660 3895; x_wconf 85' lang='lat' dir='ltr'><em>homines</em></span> <span class='ocrx_word' id='word_1_210' title='bbox 1705 3830 1934 3913; x_wconf 87' lang='lat' dir='ltr'><em>scioli,</em></span> <span class='ocrx_word' id='word_1_211' title='bbox 1987 3828 2331 3913; x_wconf 86' lang='lat' dir='ltr'><em>audaculi,</em></span> <span class='ocrx_word' id='word_1_212' title='bbox 2372 3830 2544 3898; x_wconf 85' lang='lat' dir='ltr'><em>male</em></span> <span class='ocrx_word' id='word_1_213' title='bbox 2592 3830 2819 3912; x_wconf 67' lang='lat' dir='ltr'><em>feriati⁸</em></span> <span class='ocrx_word' id='word_1_214' title='bbox 2855 3828 3126 3894; x_wconf 82' lang='lat' dir='ltr'><em>Paulina</em></span> 
     </span>
     <span class='ocr_line' id='line_1_30' title="bbox 975 3935 3125 4041; baseline -0.001 -34"><span class='ocrx_word' id='word_1_215' title='bbox 975 3942 1179 4007; x_wconf 81' lang='lat' dir='ltr'><em>verba</em></span> <span class='ocrx_word' id='word_1_216' title='bbox 1213 3943 1370 4020; x_wconf 87' lang='grc' dir='ltr'><em>τοῖς</em></span> <span class='ocrx_word' id='word_1_217' title='bbox 1401 3935 1485 4008; x_wconf 86' lang='lat' dir='ltr'><em>O‘</em></span> <span class='ocrx_word' id='word_1_218' title='bbox 1524 3943 1918 4012; x_wconf 84' lang='lat' dir='ltr'><em>intulerunt:</em></span> <span class='ocrx_word' id='word_1_219' title='bbox 1952 3971 2118 4041; x_wconf 21' lang='lat' dir='ltr'><em>‘nam</em></span> <span class='ocrx_word' id='word_1_220' title='bbox 2165 3944 2325 4011; x_wconf 81' lang='lat' dir='ltr'><em>alibi</em></span> <span class='ocrx_word' id='word_1_221' title='bbox 2376 3969 2645 4039; x_wconf 87' lang='lat' dir='ltr'><em>quoque</em></span> <span class='ocrx_word' id='word_1_222' title='bbox 2686 3968 2880 4011; x_wconf 81' lang='lat' dir='ltr'><em>voces</em></span> <span class='ocrx_word' id='word_1_223' title='bbox 2922 3940 3125 4033; x_wconf 84' lang='lat' dir='ltr'><em>phra-</em></span> 
     </span>
     <span class='ocr_line' id='line_1_31' title="bbox 975 4053 3125 4152; baseline -0 -32"><span class='ocrx_word' id='word_1_224' title='bbox 975 4078 1213 4148; x_wconf 82' lang='lat' dir='ltr'><em>sesque</em></span> <span class='ocrx_word' id='word_1_225' title='bbox 1275 4056 1356 4122; x_wconf 88' lang='lat' dir='ltr'><em>N.</em></span> <span class='ocrx_word' id='word_1_226' title='bbox 1412 4058 1493 4122; x_wconf 90' lang='lat' dir='ltr'><em>T.</em></span> <span class='ocrx_word' id='word_1_227' title='bbox 1562 4057 1648 4124; x_wconf 82' lang='lat' dir='ltr'><em>ad</em></span> <span class='ocrx_word' id='word_1_228' title='bbox 1712 4058 2256 4152; x_wconf 85' lang='lat' dir='ltr'><em>locupletandum</em></span> <span class='ocrx_word' id='word_1_229' title='bbox 2303 4062 2385 4127; x_wconf 88' lang='lat' dir='ltr'><em>V.</em></span> <span class='ocrx_word' id='word_1_230' title='bbox 2445 4061 2526 4124; x_wconf 94' lang='lat' dir='ltr'><em>T.</em></span> <span class='ocrx_word' id='word_1_231' title='bbox 2579 4060 2663 4125; x_wconf 82' lang='lat' dir='ltr'><em>ab</em></span> <span class='ocrx_word' id='word_1_232' title='bbox 2719 4054 2957 4122; x_wconf 85' lang='lat' dir='ltr'><em>iisdem</em></span> <span class='ocrx_word' id='word_1_233' title='bbox 3005 4053 3125 4120; x_wconf 79' lang='lat' dir='ltr'><em>ad-</em></span> 
     </span>
     <span class='ocr_line' id='line_1_32' title="bbox 975 4169 3122 4267; baseline 0.001 -33"><span class='ocrx_word' id='word_1_234' title='bbox 975 4170 1174 4235; x_wconf 79' lang='lat' dir='ltr'><em>scitae</em></span> <span class='ocrx_word' id='word_1_235' title='bbox 1222 4188 1392 4239; x_wconf 86' lang='lat' dir='ltr'><em>sunt.</em></span> <span class='ocrx_word' id='word_1_236' title='bbox 1493 4172 1589 4239; x_wconf 86' lang='lat' dir='ltr'><em>Ita</em></span> <span class='ocrx_word' id='word_1_237' title='bbox 1656 4173 1957 4240; x_wconf 85' lang='lat' dir='ltr'><em>iudicant</em></span> <span class='ocrx_word' id='word_1_238' title='bbox 2023 4193 2386 4267; x_wconf 86' lang='lat' dir='ltr'><em>praeeunte</em></span> <span class='ocrx_word' id='word_1_239' title='bbox 2447 4171 2853 4263; x_wconf 78' lang='lat' dir='ltr'><em>Hieronymo</em></span> <span class='ocrx_word' id='word_1_240' title='bbox 2932 4169 3122 4261; x_wconf 87' lang='lat' dir='ltr'><em>Hugo</em></span> 
     </span>
     <span class='ocr_line' id='line_1_33' title="bbox 974 4280 3199 4381; baseline -0.001 -30"><span class='ocrx_word' id='word_1_241' title='bbox 974 4280 1245 4353; x_wconf 75' lang='lat' dir='ltr'><em>Grotius</em></span> <span class='ocrx_word' id='word_1_242' title='bbox 1296 4302 1362 4352; x_wconf 86' lang='lat' dir='ltr'><em>et</em></span> <span class='ocrx_word' id='word_1_243' title='bbox 1408 4287 1635 4356; x_wconf 84' lang='lat' dir='ltr'><em>nescio</em></span> <span class='ocrx_word' id='word_1_244' title='bbox 1687 4306 1852 4381; x_wconf 86' lang='lat' dir='ltr'><em>quot</em></span> <span class='ocrx_word' id='word_1_245' title='bbox 1897 4288 2025 4360; x_wconf 83' lang='lat' dir='ltr'><em>alii.</em></span> <span class='ocrx_word' id='word_1_246' title='bbox 2125 4288 2206 4355; x_wconf 84' lang='lat' dir='ltr'><em>Id</em></span> <span class='ocrx_word' id='word_1_247' title='bbox 2263 4289 2406 4356; x_wconf 87' lang='lat' dir='ltr'><em>fieri</em></span> <span class='ocrx_word' id='word_1_248' title='bbox 2458 4287 2750 4381; x_wconf 83' lang='lat' dir='ltr'><em>potuisse</em></span> <span class='ocrx_word' id='word_1_249' title='bbox 2805 4284 2952 4377; x_wconf 85' lang='lat' dir='ltr'><em>quis</em></span> <span class='ocrx_word' id='word_1_250' title='bbox 3003 4306 3121 4350; x_wconf 87' lang='lat' dir='ltr'><em>ne·-</em></span> <span class='ocrx_word' id='word_1_251' title='bbox 3196 4333 3199 4336; x_wconf 21' lang='lat'>¹</span> 
     </span>
    </p>
   </div>
  </div>
 </body>
</html>
