3550 5167
1024 526 1217 617 'Cap.
1271 524 1374 591 II.
1422 524 1537 615 Sp.
1636 525 1747 592 Ps.
1797 526 1912 595 28.
2458 523 2549 592 45

299 741 305 748 ’
405 725 581 816 μήτε
659 719 860 817 παρὰ
936 720 1092 799 τοῖς
1154 717 1440 798 λοιποῖς
1527 720 2010 814 ἐρμηνευταῖς.
2133 723 2324 790 Hinc*
2400 741 2555 791 vero

404 849 639 933 patet,
706 862 848 906 non
895 836 1110 910 solum
1162 859 1288 910 ea,
1356 859 1530 925 quae
1569 860 1851 928 prorsus
1898 836 2259 903 adiecticia
2317 855 2562 916 erant,

410 981 624 1049 neque
669 979 759 1021 ex
787 952 1107 1020 Hebraeo
1162 975 1355 1018 versa
1377 947 1716 1047 fuerant,
1768 951 1978 1019 Obelo
2029 967 2272 1018 notata
2302 955 2560 1039 fuisse,

408 1071 533 1138 sed
592 1091 1086 1161 nonnunquam
1164 1070 1371 1133 etiam
1433 1090 1556 1142 ea,
1626 1090 1801 1160 quae
1865 1091 1954 1133 ex
2014 1066 2357 1133 Hebraico
2418 1092 2563 1136 non

415 1202 603 1255 recte
650 1208 697 1249 a
745 1182 951 1252 LXX
994 1183 1169 1250 Intt.
1220 1202 1545 1273 expressa
1571 1185 1806 1270 fuisse
1850 1180 2286 1274 putabantur.
2383 1184 2563 1251 Haec

410 1299 648 1369 Montf.
697 1298 937 1366 Utrum
986 1321 1142 1372 vero
1186 1299 1270 1364 sit
1305 1297 1387 1363 ab
1438 1298 1600 1389 ipsis
1649 1299 1971 1389 scriptum
2016 1297 2237 1381 LXX,
2289 1299 2567 1365 manife-

414 1436 586 1484 stum
642 1414 718 1481 fit
792 1437 999 1506 quum
1058 1410 1363 1492 aliunde,
1437 1429 1577 1478 tum
1641 1410 1881 1480 collato
1947 1413 2051 1477 Ps.
2100 1414 2231 1494 81,
2286 1419 2318 1481 1
2342 1464 2364 1494 ,
2439 1435 2567 1481 nec

414 1548 556 1597 erat
611 1530 684 1594 in
749 1552 980 1595 eorum
1043 1524 1467 1594 translatione
1517 1528 1876 1620 quicquam
1917 1526 2567 1618 reprehendendum.

412 1644 637 1711 Nihilo
698 1644 915 1713 minus
982 1642 1282 1733 ineptum
1326 1638 1951 1732 interpolamentum
2000 1659 2066 1707 et
2118 1641 2403 1711 Codices
2451 1643 2568 1709 Gr.

417 1759 506 1825 ad
568 1782 778 1826 unum
841 1779 1080 1824 omnes‘
1130 1752 1364 1822 infecit
1396 1805 1418 1835 ,
1488 1752 1889 1846 Apollinarii
1946 1779 2216 1849 quoque
2279 1759 2572 1825 canentis

416 1874 616 1942 haec:

616 1987 881 2056 Οῑσετε
923 1978 1393 2077 παμβασιλῆῖ
1442 1982 1585 2076 θεῷ
1632 1973 2119 2079 μεγαλαυχέες
2163 1974 2347 2071 υἷες,

609 2105 851 2171 οἴσετε
903 2094 1372 2193 παμβασιλῆῖ
1420 2093 1563 2192 θεῷ
1620 2098 2210 2197 ἁπαλόχροας
2269 2096 2575 2199 ἄρνας,

418 2237 487 2288 ct
531 2219 888 2287 Versiones
952 2215 1325 2310 Syriacam,
1392 2216 1744 2282 Arabicam
1769 2267 1787 2296 ,
1853 2219 2346 2311 Aethiopicam,
2402 2223 2578 2292 Lati-

419 2360 604 2415 nam,
656 2332 823 2400 adeo
882 2351 955 2400 ut
997 2329 1103 2399 vel
1151 2332 1222 2396 in
1263 2330 1579 2399 Psalterio
1631 2330 1995 2401 Gallicano
2018 2328 2370 2426 (hodierna
2411 2334 2579 2404 Vul-

419 2446 591 2541 gata)
641 2449 1084 2540 Hieronymus
1143 2447 1524 2514 retinuerit:
1584 2442 1854 2537 Afferte
1899 2446 2175 2515 domino
2219 2449 2371 2542 filii
2432 2450 2576 2518 dei:

421 2563 666 2653 afferte
714 2562 991 2626 domino
1034 2560 1233 2650 filios
1285 2566 1612 2641 artetum,
1675 2582 1742 2630 et
1801 2565 1874 2629 in
1937 2588 2051 2630 sua
2107 2565 2433 2634 Versione
2491 2567 2580 2634 cle

424 2678 730 2746 Hebraeo
779 2674 987 2755 facta,
1058 2674 1314 2740 omissis
1366 2671 1476 2739 dei
1526 2673 1715 2756 filiis,
1775 2677 1905 2743 hoc
1956 2696 2207 2744 tantum
2246 2684 2577 2771 posuerit·

426 2786 691 2882 Afferte
739 2788 1014 2856 domino
1040 2786 1240 2880 filios
1283 2791 1608 2863 arietum,
1657 2788 1843 2880 quod
1892 2792 2111 2884 ipsum
2159 2794 2353 2860 etiam
2401 2795 2582 2887 apud

426 2906 853 2974 Ambrosium
899 2903 986 2969 de
1049 2902 1310 2967 Incaru-
1359 2900 1781 2970 dissimulatis
1831 2906 2169 2998 prioribus
2219 2908 2433 2976 solum
2480 2907 2582 2975 le·-

424 3024 599 3117 gitur
646 3018 727 3105 *).
822 3021 1047 3086 Potest
1105 3017 1220 3082 hic
1282 3014 1501 3099 locuS,
1585 3020 1642 3084 si
1704 3021 1853 3110 quis
1923 3019 2123 3102 cline,
2195 3043 2583 3115 argumento

427 3161 603 3217 csse,
678 3153 995 3229 quantum
1061 3132 1264 3200 tribui
1327 3131 1568 3202 debeat
1625 3135 1952 3228 sagacitati
2015 3153 2081 3203 et
2146 3138 2413 3205 criticae
2459 3140 2583 3206 arti

426 3250 768 3344 Origenis,
836 3249 1108 3317 Eusebii
1126 3298 1146 3329 ,
1211 3246 1602 3342 Hieronymi
1652 3268 1720 3317 et
1765 3248 2047 3317 aliorum
2096 3252 2415 3320 ecclesiae
2464 3278 2584 3321 an-

427 3368 648 3459 tiquae
696 3364 1197 3443 Litteratorum,
1267 3380 1497 3455 utpote
1560 3366 1702 3458 qui
1740 3363 1923 3431 nulla
1970 3386 2247 3460 urgente
2293 3372 2587 3436 necessi·
2664 3455 2668 3460 ὓ

427 3500 558 3550 tate
623 3504 775 3547 cum
842 3476 953 3544 dei
1020 3476 1172 3544 filiis
1232 3476 1404 3544 filios
1470 3482 1745 3548 arietum
1810 3479 2126 3575 copulare
2152 3533 2174 3564 ,
2240 3481 2346 3550 vel
2411 3482 2581 3551 adeo

425 3597 571 3663 Diis
636 3595 872 3668 invitis,
915 3593 1151 3660 invitos
1233 3615 1586 3687 suggerere
1652 3597 1886 3663 arietes
1948 3621 2091 3665 non
2157 3615 2311 3666 sunt
2371 3599 2585 3666 veriti.

429 3710 641 3779 Simul
688 3710 819 3777 hoc
862 3706 1166 3800 exemplo
1220 3708 1679 3791 confirmatur,
1731 3709 1917 3802 quod
1955 3736 2184 3778 verum
2226 3736 2368 3779 esse
2417 3733 2581 3780 con-

431 3819 617 3896 tendi
638 3876 658 3907 ,
723 3821 981 3890 nullum
1044 3845 1186 3902 esse
1247 3824 1319 3890 in
1382 3824 1606 3890 critica
1669 3826 1942 3893 materie
1982 3823 2283 3894 Psalterii
2347 3843 2582 3897 testem

910 4009 1003 4019 .—

496 4119 549 4190 *)
586 4116 829 4194 Peschito
870 4133 1091 4188 quoque
1125 4117 1337 4171 omissis
1390 4111 1480 4168 dei
1521 4113 1685 4170 filiisz
1750 4097 1890 4190 πο)
1942 4128 2117 4174 ...ιθ
2160 4099 2394 4190 1ιρΩᾷ
2438 4104 2578 4188 olto]

636 4212 892 4266 nimirum
934 4213 1263 4282 interpolata
1303 4228 1370 4264 ex
1406 4210 1573 4271 Lxx,
1627 4217 1688 4262 ut
1723 4207 1859 4261 alibi
1902 4223 2093 4278 saepe,
2151 4224 2477 4282 quamquam
2520 4224 2581 4261 ea

637 4315 721 4355 res
754 4300 909 4356 novis
942 4299 1140 4354 studiis
1180 4297 1327 4353 haud
1361 4297 1579 4368 indigna
1617 4306 1716 4351 est.
