3550 5167
246 1899 261 1932 Ι

1353 542 1528 615 Gen.
1583 547 1666 621 I,
1716 539 1783 612 8.
2093 529 2096 538 ’
2519 543 2605 614 13

450 747 524 808 in
570 764 691 807 suo
740 738 989 808 Codice
1039 738 1140 806 illi
1184 737 1504 831 legebant
1527 789 1554 816 ,
1618 742 1692 804 in
1764 742 2007 805 ceteris
2071 739 2228 807 olim
2279 738 2608 828 defuisse,

448 862 521 923 in
591 856 939 924 hodiernis
995 881 1179 922 nune
1244 855 1478 921 deesse
1529 854 1909 928 Codicibas.
2010 857 2375 923 Enimvero
2425 855 2502 922 di
2548 882 2608 921 ι-

445 973 572 1040 eile
621 972 807 1040 dicta
849 987 995 1047 est,
1038 996 1238 1065 quum
1285 970 1372 1038 de
1423 976 1507 1038 iis
1541 970 1775 1047 rebus,
1830 995 2002 1064 qaae
2032 973 2205 1038 alios
2237 957 2367 1063 per
2406 977 2606 1064 quin-

440 1113 570 1182 que
638 1088 784 1155 dies
848 1103 1123 1156 creatae
1183 1103 1384 1164 sunt,
1442 1086 1714 1153 dicatur
1766 1088 1835 1153 E
1847 1103 1876 1153 t
1944 1086 2161 1155 vidit
2224 1087 2277 1152 d
2293 1112 2445 1154 eas
2506 1087 2605 1155 id

441 1228 633 1270 esse
698 1202 1044 1279 bonum,
1105 1227 1226 1269 eur
1291 1226 1436 1269 non
1508 1205 1714 1268 etiam
1753 1200 1842 1266 de
1909 1205 2033 1277 iis,
2095 1226 2268 1297 quae
2312 1202 2444 1268 ‘die
2489 1227 2599 1270 se·-

442 1318 668 1387 cundo
720 1317 1038 1386 conditae
1085 1334 1286 1395 sunt,
1354 1318 1533 1385 idem
1573 1317 1868 1388 dicatur.
1967 1315 2113 1385 Sed
2139 1317 2370 1406 facile
2419 1333 2600 1396 erat,

442 1451 517 1501 at
566 1460 738 1529 quae
806 1434 1010 1502 verba
1069 1435 1196 1501 hoe
1248 1440 1323 1502 in
1370 1435 1611 1528 Capite
1660 1457 1862 1527 saepe
1906 1437 2295 1511 iterantur,
2364 1434 2606 1501 eadem¹

435 1551 645 1616 semel
668 1555 1164 1622 omitterentur.
1260 1551 1443 1617 Haec
1475 1550 1609 1616 ille.
1694 1547 2015 1616 Similiter
2052 1547 2367 1618 iudicavit
2410 1550 2597 1618 Alex.

437 1665 729 1732 Geddes.
831 1667 1085 1751 Quibus
1132 1690 1251 1731 cur
1300 1663 1636 1757 suffragari
1685 1663 1929 1745 nolim,
1991 1666 2229 1731 iustam
2278 1666 2601 1733 rationem

433 1804 571 1846 non
629 1779 862 1862 video,
935 1781 1063 1848 nisi
1127 1774 1363 1872 aliquis
1428 1781 1622 1846 certis
1694 1779 2094 1871 argumentis
2165 1778 2597 1861 demonstret,

426 1894 612 1987 'ipsos
684 1895 870 1961 LXX
942 1920 1067 1989 pro
1132 1895 1449 1962 arbitratu
1518 1913 1584 1962 et
1652 1894 2117 1962 conformandi
2178 1893 2395 1962 studio
2469 1896 2594 1961 ista

429 2010 633 2076 verba
680 2009 1009 2094 allevisse,
1070 2009 1146 2077 id
1201 2008 1386 2105 quod
1435 2011 1862 2106 vehementer
1910 2033 2146 2077 vereor
2186 2029 2261 2078 ut
2309 2009 2592 2077 demon-

428 2144 702 2193 stratum
759 2129 886 2210 sit,
954 2147 1063 2195 aut
1127 2126 1565 2195 demonstrari
1626 2129 1855 2220 possit.
1954 2126 2284 2194 Nimirum
2346 2145 2421 2194 ut
2466 2126 2595 2192 Dei

425 2238 770 2307 decretam
848 2244 1272 2335 subsequitur
1336 2244 1558 2335 operis
1633 2242 1903 2330 effectio
1929 2292 1956 2318 ,
2031 2243 2122 2309 ita
2181 2241 2597 2310 effectionem

425 2358 849 2451 subsequitur
894 2360 1114 2451 operis
1161 2356 1561 2451 approbatio
1600 2352 1738 2451 ⁸per
1790 2376 1999 2425 totum
2055 2358 2289 2451 Caput.
2407 2355 2595 2423 Obe-

424 2470 564 2537 lum
612 2471 698 2539 de
747 2497 932 2541 more
985 2474 1088 2540 his
1138 2474 1357 2540 verbis
1406 2475 1748 2566 praemisit
1801 2474 1899 2541 Io.
1943 2474 2102 2540 Ern.
2146 2472 2600 2555 Grabesnon

425 2604 678 2654 tantum
726 2589 798 2652 in
835 2586 1165 2655 Editionis
1195 2590 1410 2656 Tomo
1455 2588 1525 2669 Ι,
1577 2586 1698 2654 sed
1725 2589 1855 2653 iam
1885 2607 2075 2655 antea
2107 2590 2177 2654 in
2212 2587 2595 2680 Specimine

416 2705 638 2791 primo
723 2726 940 2770 novae
999 2703 1120 2768 τῶ
1135 2724 1176 2770 ν
1243 2697 1322 2769 O'
1388 2699 1772 2780 Edit‘ionis,
1842 2704 2057 2772 Oxon.
2116 2707 2339 2785 1705,
2404 2701 2591 2797 quod

421 2816 818 2909 inscriptum
870 2839 967 2887 est
997 2815 1282 2895 Γένεσις
1316 2814 1665 2909 Κόσμου,
1714 2845 1861 2913 pag.
1892 2822 1957 2902 2,
2011 2820 2376 2887 subiunctis
2416 2841 2589 2911 quae

418 2930 750 2998 habentur
816 2933 996 3027 apud
1040 2933 1401 3026 Origenem
1442 2935 1652 3026 Epist.
1709 2933 1796 3001 ad
1861 2933 2110 3000 Iulium
2156 2934 2585 3001 Africanum:

421 3041 568 3111 Καὶ
615 3046 692 3115 ἐν
738 3050 835 3142 τῇ
881 3044 1166 3117 Γενέσει
1213 3040 1294 3114 δὲ
1343 3042 1435 3113 τὸ
1487 3039 1673 3113 εἶδεν
1722 3046 1764 3114 ὁ
1812 3043 2029 3124 θεὸς
2077 3038 2221 3114 ὅτι
2270 3041 2589 3131 καλόν,

418 3158 536 3228 ἐπὶ
581 3158 674 3230 τὸ
717 3159 1060 3257 γενέσθαι
1109 3158 1529 3258 στερέωμα,
1594 3156 1761 3255 παρ’
1813 3156 2168 3256 Ἑβραίοις
2208 3161 2355 3256 οὐχ
2400 3155 2588 3257 εὑρί-

416 3261 678 3345 Ιοκεται
732 3332 748 3349 .
801 3335 817 3351 .
869 3276 994 3346 καὶ
1063 3270 1261 3346 ἄλλα
1284 3329 1292 3338 ,
1317 3270 1399 3345 δέ
1447 3277 1659 3346 ἐστιν
1708 3277 1943 3370 εὑρεῖν
1991 3276 2069 3345 ἐν
2115 3278 2210 3372 τῇ
2257 3273 2588 3361 Γενέσει,

417 3383 522 3471 οἷς
585 3397 854 3484 σημεῖα
919 3394 1428 3493 παρεθήκαμεν
1449 3444 1472 3479 ,
1552 3391 1724 3473 τοὺς
1786 3389 2276 3483 καλουμένους
2342 3386 2585 3485 Ὀβε-

416 3505 586 3575 λού
601 3531 655 3588 ς.
778 3510 1087 3603 Origenis
1169 3510 1446 3605 quidem
1513 3535 1669 3580 aevo
1740 3508 1913 3576 illud
1977 3511 2048 3575 in
2120 3509 2581 3575 Hebraeorum

416 3625 697 3691 textibus
762 3627 1101 3693 inventum
1148 3651 1286 3694 non
1332 3651 1507 3708 esse,
1572 3627 1890 3692 ambabus
1940 3625 2245 3691 manibus
2297 3619 2578 3716 largior'‚

411 3763 538 3805 nee
606 3740 769 3805 mihi
834 3763 1000 3832 opus
1048 3757 1145 3806 est
1204 3742 1342 3807 eius
1410 3740 1657 3808 diserto
1714 3741 2125 3821 testimonio,
2192 3763 2397 3831 quum
2467 3736 2577 3805 alii

409 3873 604 3921 testes
665 3854 930 3921 abunde
988 3853 1408 3921 satisfaciant:
1477 3855 1596 3921 sed
1657 3854 1950 3922 Graecus
2003 3851 2345 3945 Interpres
2403 3854 2575 3919 Pen-

412 3971 699 4038 tateuchi
765 3971 1018 4064 aliquot
1079 3970 1355 4038 saeculis
1423 3972 1758 4063 antiquior
1828 3989 1928 4037 est
1989 3968 2280 4059 Origene
2335 3986 2400 4035 et
2446 3969 2564 4034 Iu-

410 4086 592 4153 daeis
659 4085 969 4180 Origenis
1051 4086 1454 4180 aequalibus.
1602 4084 1837 4151 obelis
1906 4106 2106 4172 vero.
2147 4081 2572 4151 Adamantini

402 4220 654 4269 tantum
721 4205 1011 4296 pretium
1054 4203 1421 4288 statuimus,
1490 4219 1810 4294 quantum
1862 4200 2001 4266 eius
2054 4200 2386 4291 sagacitati
2438 4200 2571 4276 erig-

403 4318 612 4399 ticae,
675 4343 801 4386 nec
855 4336 984 4402 est,
1038 4316 1223 4413 quod
1268 4319 1343 4386 in
1395 4316 1719 4388 eiusmodi
1786 4316 1988 4385 rebus
2060 4312 2271 4382 ullum
2326 4336 2571 4381 nomen
