3550 5167
968 479 1062 547 72
1655 479 1820 570 cap.
1872 478 1983 548 ιι.
2082 480 2199 550 Ps.
2246 475 2403 549 148.

965 692 1033 742 et
1060 672 1263 768 Syrus
1307 674 1557 770 absque
1604 677 1792 770 signo
1844 678 2075 748 critico
2096 675 2475 774 ,expressit,‚
2522 673 2776 774 addetis
2825 679 2897 745 in
2936 702 3112 745 mar·-

959 791 1114 881 gine
1141 839 1162 872 ,
1228 788 1358 883 Aq.
1428 809 1495 858 et
1551 789 1800 886 Symm.
1838 792 2113 859 ‘habere
2183 793 2407 880 Belo-12
2462 786 2703 875 '2932
2772 792 2907 860 hoc
2971 793 3111 861 fere

962 921 1108 985 est,
1168 922 1242 972 ut
1299 906 1372 971 iu
1419 905 1740 999 Hexaplis
1794 906 2037 976 Montf.
2097 905 2222 974 soli
2281 903 2677 1003 Symmacho
2747 909 3111 1002 assignatur

960 1015 1046 1086 οἱ
1095 1014 1500 1114 ἀστέρες
1545 1014 1881 1114 φωτός.
1981 1022 2270 1089 Mirarer
2308 1046 2456 1115 ego,
2506 1040 2849 1117 receptam
2898 1045 3110 1117 paene

962 1135 1260 1202 unanimi
1307 1135 1639 1206 Codicum
1679 1137 2215 1229 Versionumque
2267 1135 2357 1223 (V
2360 1136 2587 1230 ulguti=
2609 1133 2906 1230 quoque)
2952 1161 3112 1206 con-

961 1272 1159 1318 sensu
1224 1251 1639 1339 confirmari,
1721 1246 1919 1343 (unus
1993 1232 2248 1320 tanturn
2309 1249 2527 1319 Holm.
2580 1248 2737 1321 141.
2813 1271 3110 1346 αστερες

959 1362 1283 1456 φωτος,)
1367 1368 1497 1434 nisi
1569 1365 1839 1434 aliunde
1916 1365 2330 1460 exploratum
2405 1366 2764 1451 haberem,
2857 1386 3110 1436 veteres

960 1478 1247 1548 Criticos
1295 1479 1528 1572 studiis
1579 1483 1713 1549 suis
1762 1481 2267 1576 hexaplaribuS,
2328 1505 2468 1550 non
2517 1508 2685 1550 sane
2722 1481 2897 1551 malo
2949 1507 3112 1552 con·-

960 1593 1109 1662 silio
1131 1645 1152 1677 ,
1203 1593 1324 1662 sed
1375 1615 1600 1689 arguta
1649 1595 1941 1691 quadam
1987 1596 2371 1679 sedulitate,
2417 1576 2627 1666 multa
2672 1600 3110 1691 pervertisse,

959 1731 1090 1775 nec
1138 1733 1290 1776 raro
1340 1709 1584 1778 culices
1633 1711 2013 1807 percolasae
2057 1730 2123 1780 et
2173 1711 2459 1780 camelos
2512 1711 2898 1797 devorasse,
2947 1714 3012 1779 h.
3052 1739 3108 1779 e.

955 1821 1178 1892 multis
1226 1822 1440 1907 ‘locis,
1495 1828 1624 1894 ,uhi
1684 1853 1831 1895 rem
1878 1852 2063 1895 suam
2113 1828 2302 1893 LXX
2347 1829 2524 1895 hene
2585 1845 2896 1921 egerunt,
2960 1828 3111 1895 abs·-

957 1963 1093 2033 que
1162 1942 1344 2008 omni
1406 1943 1795 2014 necessitate
1860 1939 2412 2035 interpolamenta
2485 1959 2553 2011 et
2625 1944 2810 2035 signa
2884 1942 3110 2008 critica

955 2078 1071 2122 sua
1121 2054 1460 2140 allevisse‚
1521 2056 1680 2141 alia,
1747 2058 1866 2125 uhi
1910 2057 2099 2124 LXX
2151 2056 2501 2125 manifesto
2548 2083 2587 2124 a
2633 2080 2791 2125 vero
2842 2057 3110 2124 aberra-

952 2190 1183 2242 verant
1231 2189 1298 2240 et
1340 2175 1664 2242 correctio
1714 2198 1797 2241 ex
1837 2176 1921 2244 A.
1970 2171 2053 2238 Σ.
2099 2171 2185 2242 Θ.
2233 2190 2499 2267 praesto
2551 2190 2713 2253 erat,
2756 2170 2958 2264 plane
3004 2172 3108 2237 in·-

953 2301 1122 2352 tacta
1189 2285 1558 2380 reliquisse.
1654 2288 1784 2355 Res
1832 2290 1907 2354 in
1955 2313 2035 2355 eo
2083 2286 2234 2355 loco
2294 2311 2501 2380 quem
2561 2288 2696 2356 iam
2739 2311 3109 2365 versamuS,

954 2398 1042 2467 ad
1092 2399 1588 2493 expediendum
1634 2400 1868 2469 facilis.
1965 2401 2153 2467 LXX
2202 2402 2616 2469 exactissime
2664 2399 3113 2468 reddiderunt

956 2514 1143 2609 quod
1209 2514 1381 2582 male
1442 2514 1741 2610 legerant
1811 2521 1965 2616 'en'tq
2025 2492 2178 2616 :22:²12
2200 2540 2245 2559 ·
2267 2522 2380 2617 ἓξ,
2454 2519 2639 2585 cuius
2710 2513 2863 2585 loco
2927 2532 3112 2583 recte

953 2648 1173 2698 textus
1210 2632 1415 2698 Hebr.
1453 2629 1773 2725 Aquilae,
1825 2630 2206 2724 Symmachi
2256 2648 2323 2698 et
2368 2628 2730 2697 hodiernus
2775 2638 3111 2734 *netz-522

951 2760 1074 2820 ‘nm
1128 2746 1460 2812 exhibent.
1557 2746 1650 2813 At
1712 2746 1832 2839 qui
1912 2765 2092 2812 nunc
2157 2743 2411 2812 malunt
2453 2742 2555 2825 ,οἱ
2614 2740 2918 2840 ἀστέρες
2974 2746 3109 2811 τοῦ

951 2855 1197 2954 φωτός
1271 2860 1379 2929 vel
1444 2860 1664 2958 simile
1741 2859 1908 2953 quid
1939 2910 1962 2942 ,
2048 2884 2188 2927 non
2268 2859 2344 2926 id
2428 2859 2789 2928 obtrudere
2862 2859 3112 2944 debent

950 2978 1140 3043 LXX
1188 2979 1420 3047 invitis-
1455 3003 1533 3045 ac
1578 2977 2154 3071 repugnantibu33
2234 2974 2340 3042 vel
2374 2977 2445 3042 -si
2489 2973 2566 3041 id
2612 2975 2831 3043 facere
2874 2974 3110 3055 velint,

953 3095 1151 3160 etiam
1201 3092 1363 3161 alios
1407 3116 1667 3160 errores
1720 3116 1968 3185 eosque
2011 3093 2275 3184 peiores
2325 3092 2625 3183 ipsorum
2646 3091 2835 3156 LXX
2884 3112 3110 3168 emen„-

953 3207 1116 3274 dare
1166 3207 1514 3273 debebunt
1541 3258 1562 3288 ,
1625 3224 1701 3274 ut
1759 3206 2032 3273 tandem
2097 3203 2403 3272 nascatur
2459 3222 2831 3270 monstrum
2891 3200 3110 3297 quod-‚-

951 3322 1110 3390 dam
1172 3319 1648 3415 novantiquum
1670 3370 1693 3404 ,
1768 3344 1904 3414 quo
1977 3338 2363 3414 conspector
2421 3318 2829 3387 cordatiores
2903 3320 3111 3386 risum

867 3523 870 3530 Ἰ
952 3465 1090 3511 non
1139 3455 1425 3509 teneant.
1533 3487 1540 3490 ,

1145 3766 1288 3853 Sed
1335 3788 1488 3854 satis
1540 3782 1999 3879 exemplorum
2049 3800 2115 3850 et
2168 3781 2609 3875 speciminum
2656 3800 2783 3872 pro
2836 3773 3115 3845 consilio

953 3925 1126 3970 meo.
1222 3899 1482 3971 Videor
1537 3901 1961 3981 enim-mihi,
2035 3896 2255 3991 quod„
2283 3894 2587 3964 volebam
2654 3892 2979 3972 effecisse,
3047 3906 3115 3956 et

899 4089 906 4098 ,
955 4017 1109 4083 satis
1157 4015 1564 4096 ostendisse,
1607 4013 2113 4082 Mediolanense
2163 4010 2557 4079 Psaltcrium
2587 4008 2930 4102 Syriacum
2976 4029 3113 4069 ma-

955 4156 1083 4224 gna
1124 4129 1258 4198 fide
1309 4154 1386 4196 ac
1438 4128 1779 4222 diligentia
1837 4125 1980 4194 esse
2052 4124 2448 4198 adornatum
2496 4150 2533 4191 a
2586 4123 2784 4191 docto
2835 4138 2902 4187 ct
2949 4120 3113 4186 utri-

953 4272 1164 4341 usque
1246 4243 1512 4340 linguae·
1594 4246 1743 4312 satis
1825 4259 2028 4337 gnaro
2102 4244 2241 4311 viro
2275 4294 2296 4323 ‚
2398 4239 2605 4335 idque
2674 4263 2779 4304 ⁴ex
2858 4233 3111 4304 Codice
