3550 5167
930 485 1025 554 38
1570 478 1726 567 Cap.
1783 476 1887 542 II.
1941 472 2053 566 Sp.
2154 476 2269 542 PS.
2323 478 2428 545 13.

924 707 1078 777 pam
1127 704 1251 773 pro
1297 675 1510 745 lubitu
1560 676 1900 744 intexere?
1971 674 2115 742 Hoc
2163 698 2318 743 vero
2372 674 2843 744 alienissimum
2896 696 2993 745 est
3042 705 3079 743 a

928 791 1403 864 consuetudine
1450 793 1624 872 eim,
1671 791 1788 884 qui
1836 788 2128 858 Psalmos
2181 788 2526 857 transtulit.
2626 789 2872 884 Satagit
2918 791 3031 859 ille
3056 843 3077 872 ,

926 932 1327 1005 quamquam
1388 903 1727 974 nonnullis
1789 903 1933 972 aliis
1984 903 2245 974 doctior
2287 922 2353 972 et
2401 904 2766 974 Hebraicae
2815 906 3079 1000 linguae

923 1026 1237 1118 peritior,
1278 1025 1350 1089 in
1389 1019 1756 1089 reddendis
1807 1015 2144 1111 utcunq'ue
2195 1020 2466 1087 vocibus
2520 1020 2906 1102 Hebraicis,
2947 1046 3074 1088 nec

924 1158 1177 1208 tantum
1224 1140 1340 1206 otii
1386 1137 1590 1204 habet
1613 1185 1634 1219 ‚
1708 1154 1784 1202 ut
1831 1136 2184 1207 sententias
2233 1132 2681 1228 undecunque
2727 1137 3073 1228 conquirat

926 1279 1078 1324 suae
1111 1254 1422 1323 Versioni
1469 1269 1718 1319 temere
1770 1247 2143 1316 assuendas.
2221 1250 2375 1316 Mea
2425 1249 2698 1343 quidem
2739 1251 3076 1344 opinione,

926 1394 1096 1463 quae
1155 1369 1406 1436 nemini
1464 1388 1591 1459 pro
1659 1363 1808 1459 lege
1880 1383 1978 1431 est
2000 1414 2021 1444 ‚
2085 1364 2246 1431 VIII
2309 1366 2418 1440 isti
2478 1359 2739 1458 στίχοι
2804 1365 3076 1432 omnino

924 1482 1211 1578 profecti
1278 1498 1431 1548 sunt
1490 1479 1572 1545 ab
1635 1480 1782 1572 ipsa
1844 1503 2043 1545 manu
2093 1478 2334 1546 Graeci
2382 1481 2803 1572 interpretis,
2868 1477 3077 1572 idque

927 1595 1130 1663 credo
1155 1645 1175 1676 ,
1241 1610 1381 1661 tum
1430 1590 1616 1686 quod
1657 1593 2106 1660 vetustissimis
2158 1592 2289 1660 illis
2341 1610 2407 1661 et
2455 1595 2721 1688 optimis
2766 1619 2850 1662 ex
2892 1595 3073 1662 vario

924 1734 1168 1803 genere
1214 1708 1595 1776 testimoniis
1647 1705 1853 1773 fidem
1903 1705 2224 1801 derogare
2272 1731 2528 1789 vereor,
2578 1727 2720 1775 tum
2769 1707 2955 1801 quod
3004 1709 3075 1775 in

922 1826 1085 1918 ipsis
1145 1825 1364 1892 verbis
1430 1821 1599 1890 nihil
1659 1824 1833 1889 inest
1894 1821 2042 1890 stilo
2092 1821 2530 1891 Alexandrini
2575 1823 2861 1891 hominis
2913 1847 3077 1890 con-

922 1941 1213 2009 trarium.
1312 1939 1549 2005 Levius
1612 1962 1767 2004 sane
1822 1955 2281 2030 argumentum
2341 1962 2378 2006 a
2447 1937 2616 2033 stylo
2684 1938 2955 2005 ductum
3002 1939 3073 2002 in

869 2113 876 2119 .
925 2054 1075 2122 loco
1134 2073 1349 2121 tantae
1411 2052 1747 2118 brevitatis
1777 2102 1799 2133 ,
1870 2051 1991 2118 sed
2061 2075 2200 2119 non
2268 2077 2543 2144 prorsus
2608 2051 3071 2120 abiiciendum.

922 2171 1187 2236 Poterat
1231 2166 1503 2248 Paulus,
1571 2169 1627 2234 si
1689 2168 1866 2234 varia
1913 2165 2061 2234 loca
2103 2169 2186 2234 V.
2236 2168 2319 2232 T.
2372 2186 2725 2234 contexere
2778 2166 3073 2250 volebat,

921 2309 1048 2377 pro
1097 2283 1317 2350 verbis
1378 2271 1561 2361 ὀξεῖς
1619 2276 1693 2347 οἱ
1756 2271 1972 2357 πόδες
2031 2271 2269 2348 αὐτῶν
2324 2274 2578 2374 ἐκχέαι
2638 2269 2830 2369 αἷμα
2878 2285 3073 2350 etiam

923 2397 1395 2466 describere:
1462 2392 1536 2461 οἱ
1582 2384 1796 2472 πόδες
1845 2387 2082 2461 αὐτῶν
2130 2389 2248 2462 ἐπὶ
2296 2390 2642 2492 πονηρίαν
2682 2389 3070 2491 τρέχουσι,

923 2505 1309 2605 ταχινοὶ
1379 2502 1631 2603 ἐκχέαι
1698 2498 1937 2598 αἷμα,
2014 2530 2086 2578 ut
2153 2530 2250 2578 est
2314 2511 2436 2578 Ies.
2488 2511 2616 2592 59,
2668 2515 2710 2582 7
2728 2540 2746 2596 3
2814 2530 3075 2604 poterat

922 2652 1122 2694 unam
1170 2624 1520 2693 alteramve
1571 2624 1977 2692 locutionem
2011 2624 2331 2693 adhihere
2372 2626 2445 2692 in
2471 2626 2789 2695 Psalterio
2813 2626 3075 2697 Graeco

919 2742 1252 2811 insolitam
1299 2741 1404 2809 vel
1451 2739 1863 2827 inauditam3
1937 2759 2200 2834 poterat
2263 2766 2462 2807 unam
2520 2740 2869 2810 alteramve
2920 2768 3073 2810 sen-

921 2859 1191 2925 tentiam
1258 2859 1353 2925 sic
1429 2856 1768 2924 enuntiare
1800 2906 1820 2937 ‚
1898 2874 1972 2924 ut
2047 2874 2219 2923 esset
2287 2854 2732 2949 parallelismo
2805 2859 3071 2950 poetico

917 2969 1117 3063 plane
1188 2971 1512 3039 contraria
1536 3022 1558 3053 ,
1642 2970 2013 3040 cuiusmodi
2084 2971 2350 3038 indiciis
2423 2973 3072 3066 χαρατηριοτικοῖς

919 3088 1334 3177 quantumvis
1394 3084 1651 3153 levibus
1702 3087 1896 3153 nobis
1946 3089 2049 3154 via
2098 3088 2468 3179 aperiretur
2518 3084 3072 3154 demonstrandae

875 3269 878 3272 Α
917 3191 1174 3288 νοθείᾳ
1222 3200 1417 3267 totius
1491 3201 1852 3292 pericopae
1919 3202 1992 3266 in
2039 3200 2520 3269 Psalmi'tertii
2565 3200 2810 3269 decimi
2858 3220 3073 3283 textu,

918 3313 1040 3392 sed
1087 3311 1255 3380 nihil
1306 3310 1434 3378 tale
1484 3313 1596 3378 hic
1648 3332 1763 3381 est.
1868 3315 2208 3407 Quicquid
2274 3335 2491 3383 autem
2552 3317 2635 3383 ab
2696 3319 2842 3411 ipso
2886 3315 3072 3385 Psal-

915 3453 1177 3496 morum
1225 3426 1615 3495 translatore
1664 3453 2050 3520 expressum
2099 3448 2235 3511 est,
2294 3429 2476 3497 idem
2523 3431 2732 3513 illud,
2794 3431 2900 3500 vel
2942 3432 3072 3501 sal-

918 3562 1052 3611 tem
1101 3540 1289 3637 quod
1339 3544 1402 3609 ei
1452 3561 1789 3636 utcunque
1850 3543 2326 3637 responderet,
2393 3545 2575 3612 haud
2631 3546 2834 3615 dubie
2877 3547 3076 3614 etiam

918 3659 988 3725 in
1040 3660 1177 3726 eius
1221 3658 1551 3726 Hebraico
1604 3656 1858 3726 Codice
1901 3684 1953 3727 s.
2000 3661 2296 3753 integro,
2363 3687 2412 3727 s.
2456 3661 2726 3743 mutilo,
2795 3687 2846 3729 s.
2898 3663 3076 3756 opti-

916 3795 1025 3839 mo
1072 3798 1122 3839 s.
1173 3775 1461 3866 pessimo
1507 3774 1788 3855 exstitit,
1834 3775 1888 3841 si
1932 3776 2217 3869 excipias
2267 3774 2593 3845 levissima
2630 3775 3075 3844 additamenta

917 3879 1077 3971 καί,
1129 3876 1244 3975 δέ,
1306 3877 1382 3974 ἥ,
1437 3887 1617 3970 πᾶς,
1682 3887 1767 3956 de
1821 3890 2061 3983 quibus
2114 3909 2344 3983 utpote
2386 3914 2584 3984 saepe
2629 3893 2901 3960 incertis
2951 3912 3075 3954 ne-

908 4000 1080 4066 mini
1149 3999 1333 4071 litem
1406 4004 1705 4098 moyebo.
1819 4006 2056 4074 Donec
2127 4006 2327 4098 igitur
2390 3998 2645 4073 voSec‘a
2713 4004 2876 4076 dicti
2936 3999 3070 4069 loci

916 4111 1259 4181 evidenter
1325 4115 1769 4187 demonstrata
1832 4118 2069 4199 fuerit,
2141 4143 2264 4213 ego
2336 4144 2444 4190 me
2501 4122 2580 4186 iis
2650 4118 3070 4213 quantumvis

915 4229 1144 4326 paucis
1208 4228 1600 4334 adiungam,
1680 4235 1796 4327 qui
1861 4235 2249 4327 pericopam
2297 4251 2499 4305 totam
2553 4262 2588 4302 a
2631 4230 2836 4301 Panlo
2882 4231 3071 4328 Apo-
