<?xml version="1.0" encoding="UTF-8"?>
<!DOCTYPE html PUBLIC "-//W3C//DTD XHTML 1.0 Transitional//EN"
    "http://www.w3.org/TR/xhtml1/DTD/xhtml1-transitional.dtd">
<html xmlns="http://www.w3.org/1999/xhtml" xml:lang="en" lang="en">
 <head>
  <title>
</title>
<meta http-equiv="Content-Type" content="text/html;charset=utf-8" />
  <meta name='ocr-system' content='tesseract 3.04.00' />
  <meta name='ocr-capabilities' content='ocr_page ocr_carea ocr_par ocr_line ocrx_word'/>
</head>
<body>
  <div class='ocr_page' id='page_1' title='image "./lectionesalexan00plgoog_0033.png"; bbox 0 0 3550 5167; ppageno 0'>
   <div class='ocr_carea' id='block_1_1' title="bbox 1145 518 2617 598">
    <p class='ocr_par' dir='ltr' id='par_1_1' title="bbox 1145 518 2617 598">
     <span class='ocr_line' id='line_1_1' title="bbox 1145 518 2617 598; baseline 0.005 -10"><span class='ocrx_word' id='word_1_1' title='bbox 1145 519 1322 588; x_wconf 78' lang='lat' dir='ltr'><strong>Gen.</strong></span> <span class='ocrx_word' id='word_1_2' title='bbox 1374 523 1444 595; x_wconf 88' lang='lat' dir='ltr'><strong>I,</strong></span> <span class='ocrx_word' id='word_1_3' title='bbox 1489 518 1607 589; x_wconf 85' lang='grc' dir='ltr'><strong>3ο.</strong></span> <span class='ocrx_word' id='word_1_4' title='bbox 1709 523 1825 598; x_wconf 80' lang='lat' dir='ltr'><strong>II,</strong></span> <span class='ocrx_word' id='word_1_5' title='bbox 1873 543 1938 589; x_wconf 80' lang='lat'><strong>2.</strong></span> <span class='ocrx_word' id='word_1_6' title='bbox 2526 528 2617 595; x_wconf 73' lang='lat'><strong>23</strong></span> 
     </span>
    </p>
   </div>
   <div class='ocr_carea' id='block_1_2' title="bbox 348 708 2620 3674">
    <p class='ocr_par' dir='ltr' id='par_1_2' title="bbox 439 708 2620 1726">
     <span class='ocr_line' id='line_1_2' title="bbox 442 708 2620 811; baseline 0.001 -28"><span class='ocrx_word' id='word_1_7' title='bbox 442 716 587 783; x_wconf 67' lang='lat' dir='ltr'><strong>⁴illis</strong></span> <span class='ocrx_word' id='word_1_8' title='bbox 655 712 780 783; x_wconf 79' lang='grc' dir='ltr'><strong>καὶ</strong></span> <span class='ocrx_word' id='word_1_9' title='bbox 843 711 1091 782; x_wconf 83' lang='grc' dir='ltr'><strong><em>πάντα</em></strong></span> <span class='ocrx_word' id='word_1_10' title='bbox 1156 708 1434 809; x_wconf 73' lang='grc' dir='ltr'><strong><em>χόρτον</em></strong></span> <span class='ocrx_word' id='word_1_11' title='bbox 1496 709 1786 807; x_wconf 77' lang='grc' dir='ltr'><strong><em>χλωρὸν</em></strong></span> <span class='ocrx_word' id='word_1_12' title='bbox 1848 713 1947 792; x_wconf 79' lang='grc' dir='ltr'><strong>εἰς</strong></span> <span class='ocrx_word' id='word_1_13' title='bbox 2009 709 2280 810; x_wconf 75' lang='grc' dir='ltr'><strong><em>βρῶσιν</em></strong></span> <span class='ocrx_word' id='word_1_14' title='bbox 2344 715 2620 811; x_wconf 79' lang='lat' dir='ltr'><strong>aliquod</strong></span> 
     </span>
     <span class='ocr_line' id='line_1_3' title="bbox 452 817 2611 926; baseline 0.002 -29"><span class='ocrx_word' id='word_1_15' title='bbox 452 833 765 912; x_wconf 84' lang='lat' dir='ltr'><strong>verbum,</strong></span> <span class='ocrx_word' id='word_1_16' title='bbox 843 849 1003 923; x_wconf 89' lang='lat' dir='ltr'><strong>puta</strong></span> <span class='ocrx_word' id='word_1_17' title='bbox 1073 817 1409 896; x_wconf 74' lang='grc' dir='ltr'><em>δέδωκα</em></span> <span class='ocrx_word' id='word_1_18' title='bbox 1473 829 1578 896; x_wconf 85' lang='lat' dir='ltr'><strong>vel</strong></span> <span class='ocrx_word' id='word_1_19' title='bbox 1635 828 2042 895; x_wconf 87' lang='lat' dir='ltr'><strong>simillimum</strong></span> <span class='ocrx_word' id='word_1_20' title='bbox 2111 830 2407 915; x_wconf 84' lang='lat' dir='ltr'>addidit,</span> <span class='ocrx_word' id='word_1_21' title='bbox 2474 858 2611 926; x_wconf 81' lang='lat' dir='ltr'><strong>quo</strong></span> 
     </span>
     <span class='ocr_line' id='line_1_4' title="bbox 451 945 2613 1015; baseline 0.001 -3"><span class='ocrx_word' id='word_1_22' title='bbox 451 971 717 1012; x_wconf 87' lang='lat' dir='ltr'><strong>sensum</strong></span> <span class='ocrx_word' id='word_1_23' title='bbox 758 947 1026 1011; x_wconf 86' lang='lat' dir='ltr'><strong>iuvaret.</strong></span> <span class='ocrx_word' id='word_1_24' title='bbox 1122 945 1554 1009; x_wconf 86' lang='lat' dir='ltr'><strong>Meminerint</strong></span> <span class='ocrx_word' id='word_1_25' title='bbox 1588 945 1783 1010; x_wconf 86' lang='lat' dir='ltr'><strong>huius</strong></span> <span class='ocrx_word' id='word_1_26' title='bbox 1832 946 2262 1012; x_wconf 70' lang='lat' dir='ltr'><strong>abstinentiae</strong></span> <span class='ocrx_word' id='word_1_27' title='bbox 2305 947 2387 1013; x_wconf 89' lang='lat' dir='ltr'><strong>ab</strong></span> <span class='ocrx_word' id='word_1_28' title='bbox 2431 950 2613 1015; x_wconf 87' lang='lat' dir='ltr'><strong>omni</strong></span> 
     </span>
     <span class='ocr_line' id='line_1_5' title="bbox 451 1047 2610 1152; baseline 0 -25"><span class='ocrx_word' id='word_1_29' title='bbox 451 1059 947 1152; x_wconf 78' lang='lat' dir='ltr'><strong>supplemenm,</strong></span> <span class='ocrx_word' id='word_1_30' title='bbox 995 1060 1110 1151; x_wconf 83' lang='lat' dir='ltr'><strong>qui</strong></span> <span class='ocrx_word' id='word_1_31' title='bbox 1140 1048 1802 1134; x_wconf 80' lang='lat' dir='ltr'><strong>additamentorum,</strong></span> <span class='ocrx_word' id='word_1_32' title='bbox 1853 1059 2091 1152; x_wconf 78' lang='lat' dir='ltr'><strong>quibus</strong></span> <span class='ocrx_word' id='word_1_33' title='bbox 2124 1047 2353 1126; x_wconf 66' lang='lat' dir='ltr'><strong>textus</strong></span> <span class='ocrx_word' id='word_1_34' title='bbox 2382 1061 2610 1128; x_wconf 86' lang='lat' dir='ltr'><strong>Grae-</strong></span> 
     </span>
     <span class='ocr_line' id='line_1_6' title="bbox 448 1168 2609 1264; baseline 0.001 -25"><span class='ocrx_word' id='word_1_35' title='bbox 448 1198 564 1239; x_wconf 83' lang='lat' dir='ltr'><strong>cus</strong></span> <span class='ocrx_word' id='word_1_36' title='bbox 606 1199 756 1240; x_wconf 82' lang='lat' dir='ltr'><strong>cum</strong></span> <span class='ocrx_word' id='word_1_37' title='bbox 802 1172 1147 1240; x_wconf 76' lang='lat' dir='ltr'><strong><em>Hebraico</em></strong></span> <span class='ocrx_word' id='word_1_38' title='bbox 1192 1189 1620 1264; x_wconf 81' lang='lat' dir='ltr'><strong>comparatus</strong></span> <span class='ocrx_word' id='word_1_39' title='bbox 1659 1168 1976 1242; x_wconf 84' lang='lat' dir='ltr'><strong><em>abundat</em></strong></span> <span class='ocrx_word' id='word_1_40' title='bbox 2025 1181 2419 1241; x_wconf 83' lang='lat' dir='ltr'><strong><em>immensam</em></strong></span> <span class='ocrx_word' id='word_1_41' title='bbox 2465 1201 2609 1242; x_wconf 89' lang='lat' dir='ltr'><strong>mo-</strong></span> 
     </span>
     <span class='ocr_line' id='line_1_7' title="bbox 445 1286 2607 1383; baseline 0.001 -29"><span class='ocrx_word' id='word_1_42' title='bbox 445 1289 576 1354; x_wconf 84' lang='lat' dir='ltr'><strong>lem</strong></span> <span class='ocrx_word' id='word_1_43' title='bbox 640 1287 974 1355; x_wconf 85' lang='lat' dir='ltr'><strong>audaculis</strong></span> <span class='ocrx_word' id='word_1_44' title='bbox 1033 1306 1100 1354; x_wconf 86' lang='lat' dir='ltr'><strong>et</strong></span> <span class='ocrx_word' id='word_1_45' title='bbox 1147 1286 1368 1354; x_wconf 88' lang='lat' dir='ltr'><strong>sciolis</strong></span> <span class='ocrx_word' id='word_1_46' title='bbox 1418 1286 1703 1354; x_wconf 88' lang='lat' dir='ltr'><strong>librariis</strong></span> <span class='ocrx_word' id='word_1_47' title='bbox 1756 1290 2164 1383; x_wconf 83' lang='lat' dir='ltr'><strong>exprobrare</strong></span> <span class='ocrx_word' id='word_1_48' title='bbox 2213 1290 2395 1357; x_wconf 86' lang='lat' dir='ltr'><strong>haud</strong></span> <span class='ocrx_word' id='word_1_49' title='bbox 2447 1316 2607 1359; x_wconf 90' lang='lat' dir='ltr'><strong>con-</strong></span> 
     </span>
     <span class='ocr_line' id='line_1_8' title="bbox 443 1401 2608 1497; baseline 0.001 -27"><span class='ocrx_word' id='word_1_50' title='bbox 443 1406 608 1471; x_wconf 88' lang='lat' dir='ltr'><strong>tenti</strong></span> <span class='ocrx_word' id='word_1_51' title='bbox 626 1456 647 1487; x_wconf 93' lang='lat'><strong>,</strong></span> <span class='ocrx_word' id='word_1_52' title='bbox 701 1403 1013 1472; x_wconf 84' lang='lat' dir='ltr'><strong>audacter</strong></span> <span class='ocrx_word' id='word_1_53' title='bbox 1064 1401 1571 1485; x_wconf 77' lang='lat' dir='ltr'><strong>calumniantur,</strong></span> <span class='ocrx_word' id='word_1_54' title='bbox 1619 1402 1813 1468; x_wconf 91' lang='lat' dir='ltr'><strong>LXX</strong></span> <span class='ocrx_word' id='word_1_55' title='bbox 1861 1404 2010 1471; x_wconf 90' lang='lat' dir='ltr'><strong>Intt.</strong></span> <span class='ocrx_word' id='word_1_56' title='bbox 2052 1405 2234 1497; x_wconf 88' lang='lat' dir='ltr'><strong>ipsos</strong></span> <span class='ocrx_word' id='word_1_57' title='bbox 2282 1425 2421 1473; x_wconf 87' lang='lat' dir='ltr'><strong>non</strong></span> <span class='ocrx_word' id='word_1_58' title='bbox 2461 1425 2608 1473; x_wconf 89' lang='lat' dir='ltr'><strong>tan-</strong></span> 
     </span>
     <span class='ocr_line' id='line_1_9' title="bbox 439 1513 2603 1611; baseline 0.001 -26"><span class='ocrx_word' id='word_1_59' title='bbox 439 1513 581 1585; x_wconf 80' lang='lat' dir='ltr'><strong>turn</strong></span> <span class='ocrx_word' id='word_1_60' title='bbox 643 1518 931 1611; x_wconf 88' lang='lat' dir='ltr'><strong>singulas</strong></span> <span class='ocrx_word' id='word_1_61' title='bbox 989 1517 1253 1586; x_wconf 79' lang='lat' dir='ltr'><strong>voculas</strong></span> <span class='ocrx_word' id='word_1_62' title='bbox 1270 1568 1292 1601; x_wconf 97' lang='lat'><strong>,</strong></span> <span class='ocrx_word' id='word_1_63' title='bbox 1350 1543 1581 1594; x_wconf 84' lang='lat' dir='ltr'><strong>verum</strong></span> <span class='ocrx_word' id='word_1_64' title='bbox 1643 1520 1838 1585; x_wconf 89' lang='lat' dir='ltr'><strong>etiam</strong></span> <span class='ocrx_word' id='word_1_65' title='bbox 1903 1520 2188 1611; x_wconf 79' lang='lat' dir='ltr'><strong>integras</strong></span> <span class='ocrx_word' id='word_1_66' title='bbox 2247 1524 2603 1587; x_wconf 86' lang='lat' dir='ltr'><strong>sententias</strong></span> 
     </span>
     <span class='ocr_line' id='line_1_10' title="bbox 440 1632 2601 1726; baseline 0.001 -27"><span class='ocrx_word' id='word_1_67' title='bbox 440 1656 682 1726; x_wconf 84' lang='lat' dir='ltr'><strong>easque</strong></span> <span class='ocrx_word' id='word_1_68' title='bbox 735 1632 1049 1726; x_wconf 88' lang='lat' dir='ltr'><strong>plurimas</strong></span> <span class='ocrx_word' id='word_1_69' title='bbox 1098 1635 1299 1700; x_wconf 86' lang='lat' dir='ltr'><strong>sacris</strong></span> <span class='ocrx_word' id='word_1_70' title='bbox 1350 1634 1633 1700; x_wconf 82' lang='lat' dir='ltr'><strong>textibus</strong></span> <span class='ocrx_word' id='word_1_71' title='bbox 1682 1658 1811 1726; x_wconf 87' lang='lat' dir='ltr'><strong>pro</strong></span> <span class='ocrx_word' id='word_1_72' title='bbox 1836 1677 1840 1688; x_wconf 90' lang='lat'><strong>·</strong></span> <span class='ocrx_word' id='word_1_73' title='bbox 1866 1634 2184 1701; x_wconf 88' lang='lat' dir='ltr'><strong>arbitratu</strong></span> <span class='ocrx_word' id='word_1_74' title='bbox 2233 1638 2601 1703; x_wconf 81' lang='lat' dir='ltr'><strong>attexuisse.</strong></span> 
     </span>
    </p>

    <p class='ocr_par' dir='ltr' id='par_1_3' title="bbox 348 1739 2603 3674">
     <span class='ocr_line' id='line_1_11' title="bbox 634 1739 2603 1841; baseline 0.001 -28"><span class='ocrx_word' id='word_1_75' title='bbox 634 1748 887 1840; x_wconf 88' lang='lat' dir='ltr'><strong>Capitis</strong></span> <span class='ocrx_word' id='word_1_76' title='bbox 938 1739 1216 1815; x_wconf 71' lang='lat' dir='ltr'><strong>secundi</strong></span> <span class='ocrx_word' id='word_1_77' title='bbox 1262 1750 1478 1841; x_wconf 85' lang='lat' dir='ltr'><strong>prima</strong></span> <span class='ocrx_word' id='word_1_78' title='bbox 1525 1749 1801 1816; x_wconf 83' lang='lat' dir='ltr'><strong>varietas</strong></span> <span class='ocrx_word' id='word_1_79' title='bbox 1846 1751 2169 1840; x_wconf 81' lang='lat' dir='ltr'><strong>insignior</strong></span> <span class='ocrx_word' id='word_1_80' title='bbox 2211 1768 2310 1816; x_wconf 87' lang='lat' dir='ltr'><strong>est</strong></span> <span class='ocrx_word' id='word_1_81' title='bbox 2348 1752 2420 1815; x_wconf 91' lang='lat' dir='ltr'><strong>in</strong></span> <span class='ocrx_word' id='word_1_82' title='bbox 2453 1776 2603 1818; x_wconf 83' lang='lat' dir='ltr'><strong>ver-</strong></span> 
     </span>
     <span class='ocr_line' id='line_1_12' title="bbox 431 1854 2600 1959; baseline 0.001 -31"><span class='ocrx_word' id='word_1_83' title='bbox 431 1855 729 1928; x_wconf 66' lang='lat' dir='ltr'><strong>his&#39;Kaz</strong></span> <span class='ocrx_word' id='word_1_84' title='bbox 781 1856 1248 1931; x_wconf 80' lang='grc' dir='ltr'><strong><em>συνετέλεσεν</em></strong></span> <span class='ocrx_word' id='word_1_85' title='bbox 1295 1861 1337 1929; x_wconf 90' lang='grc' dir='ltr'>ὁ</span> <span class='ocrx_word' id='word_1_86' title='bbox 1390 1858 1558 1942; x_wconf 56' lang='grc' dir='ltr'><strong>θεὸς</strong></span> <span class='ocrx_word' id='word_1_87' title='bbox 1616 1858 1704 1931; x_wconf 79' lang='grc' dir='ltr'><strong>ἐν</strong></span> <span class='ocrx_word' id='word_1_88' title='bbox 1763 1865 1875 1956; x_wconf 75' lang='grc' dir='ltr'><strong>τῇ</strong></span> <span class='ocrx_word' id='word_1_89' title='bbox 1920 1854 2197 1958; x_wconf 74' lang='grc' dir='ltr'><em>ἡμέρᾳ</em></span> <span class='ocrx_word' id='word_1_90' title='bbox 2240 1855 2446 1959; x_wconf 69' lang='grc' dir='ltr'><strong>ἕκτῃ</strong></span> <span class='ocrx_word' id='word_1_91' title='bbox 2496 1862 2600 1931; x_wconf 79' lang='grc' dir='ltr'><strong>τὰ</strong></span> 
     </span>
     <span class='ocr_line' id='line_1_13' title="bbox 431 1968 2596 2072; baseline 0.001 -29"><span class='ocrx_word' id='word_1_92' title='bbox 431 1968 602 2068; x_wconf 71' lang='grc' dir='ltr'><strong>ἔργα</strong></span> <span class='ocrx_word' id='word_1_93' title='bbox 646 1972 918 2062; x_wconf 75' lang='grc' dir='ltr'><strong><em>αὐτοῦ,</em></strong></span> <span class='ocrx_word' id='word_1_94' title='bbox 962 1977 1145 2072; x_wconf 74' lang='lat' dir='ltr'><strong>apud</strong></span> <span class='ocrx_word' id='word_1_95' title='bbox 1180 1979 1448 2046; x_wconf 87' lang='lat' dir='ltr'><strong>Latinos</strong></span> <span class='ocrx_word' id='word_1_96' title='bbox 1495 1980 1592 2045; x_wconf 85' lang='lat' dir='ltr'><strong>Et</strong></span> <span class='ocrx_word' id='word_1_97' title='bbox 1639 1983 2125 2045; x_wconf 74' lang='lat' dir='ltr'><strong>consummavit</strong></span> <span class='ocrx_word' id='word_1_98' title='bbox 2162 1977 2330 2043; x_wconf 81' lang='lat' dir='ltr'><strong>deus</strong></span> <span class='ocrx_word' id='word_1_99' title='bbox 2364 1983 2439 2045; x_wconf 82' lang='lat' dir='ltr'><strong>in</strong></span> <span class='ocrx_word' id='word_1_100' title='bbox 2481 1978 2596 2045; x_wconf 80' lang='lat' dir='ltr'><strong>die</strong></span> 
     </span>
     <span class='ocr_line' id='line_1_14' title="bbox 428 2091 2594 2185; baseline 0.001 -29"><span class='ocrx_word' id='word_1_101' title='bbox 428 2107 626 2156; x_wconf 82' lang='lat' dir='ltr'><strong>sexto</strong></span> <span class='ocrx_word' id='word_1_102' title='bbox 673 2116 881 2183; x_wconf 81' lang='lat' dir='ltr'><strong>opera</strong></span> <span class='ocrx_word' id='word_1_103' title='bbox 928 2116 1094 2168; x_wconf 82' lang='lat' dir='ltr'><strong>sua,</strong></span> <span class='ocrx_word' id='word_1_104' title='bbox 1143 2094 1262 2159; x_wconf 90' lang='lat' dir='ltr'><strong>ubi</strong></span> <span class='ocrx_word' id='word_1_105' title='bbox 1311 2093 1653 2160; x_wconf 84' lang='lat' dir='ltr'><strong>Hebraeus</strong></span> <span class='ocrx_word' id='word_1_106' title='bbox 1705 2097 1782 2159; x_wconf 83' lang='lat' dir='ltr'><strong>in</strong></span> <span class='ocrx_word' id='word_1_107' title='bbox 1822 2092 1934 2158; x_wconf 84' lang='lat' dir='ltr'><strong>die</strong></span> <span class='ocrx_word' id='word_1_108' title='bbox 1976 2096 2279 2185; x_wconf 73' lang='lat' dir='ltr'><strong>septimo·</strong></span> <span class='ocrx_word' id='word_1_109' title='bbox 2379 2091 2594 2159; x_wconf 87' lang='lat' dir='ltr'><strong>Multa</strong></span> 
     </span>
     <span class='ocr_line' id='line_1_15' title="bbox 429 2187 2588 2306; baseline -0 -32"><span class='ocrx_word' id='word_1_110' title='bbox 429 2205 516 2283; x_wconf 81' lang='lat' dir='ltr'><strong>de</strong></span> <span class='ocrx_word' id='word_1_111' title='bbox 581 2207 683 2273; x_wconf 86' lang='lat' dir='ltr'><strong>his</strong></span> <span class='ocrx_word' id='word_1_112' title='bbox 724 2203 1061 2273; x_wconf 87' lang='lat' dir='ltr'><strong>habentur</strong></span> <span class='ocrx_word' id='word_1_113' title='bbox 1110 2205 1292 2299; x_wconf 88' lang='lat' dir='ltr'><strong>apud</strong></span> <span class='ocrx_word' id='word_1_114' title='bbox 1342 2187 1624 2274; x_wconf 84' lang='lat' dir='ltr'><strong>Criticos</strong></span> <span class='ocrx_word' id='word_1_115' title='bbox 1663 2225 1727 2306; x_wconf 81' lang='lat' dir='ltr'><strong>et</strong></span> <span class='ocrx_word' id='word_1_116' title='bbox 1773 2208 2342 2274; x_wconf 82' lang='lat' dir='ltr'><strong>Commentatores</strong></span> <span class='ocrx_word' id='word_1_117' title='bbox 2392 2208 2588 2273; x_wconf 87' lang='lat' dir='ltr'><strong>nobis</strong></span> 
     </span>
     <span class='ocr_line' id='line_1_16' title="bbox 427 2315 2594 2415; baseline 0 -28"><span class='ocrx_word' id='word_1_118' title='bbox 427 2345 566 2388; x_wconf 90' lang='lat' dir='ltr'><strong>non</strong></span> <span class='ocrx_word' id='word_1_119' title='bbox 614 2320 983 2415; x_wconf 85' lang='lat' dir='ltr'><strong>repetenda</strong></span> <span class='ocrx_word' id='word_1_120' title='bbox 1030 2315 1114 2412; x_wconf 82' lang='lat'><strong>*).</strong></span> <span class='ocrx_word' id='word_1_121' title='bbox 1215 2320 1425 2389; x_wconf 86' lang='lat' dir='ltr'><strong>Sanus</strong></span> <span class='ocrx_word' id='word_1_122' title='bbox 1497 2340 1596 2389; x_wconf 88' lang='lat' dir='ltr'><strong>est</strong></span> <span class='ocrx_word' id='word_1_123' title='bbox 1654 2339 1867 2388; x_wconf 87' lang='lat' dir='ltr'><strong>textus</strong></span> <span class='ocrx_word' id='word_1_124' title='bbox 1918 2321 2213 2388; x_wconf 86' lang='lat' dir='ltr'><strong>Graecus</strong></span> <span class='ocrx_word' id='word_1_125' title='bbox 2253 2339 2331 2389; x_wconf 88' lang='lat' dir='ltr'><strong>et</strong></span> <span class='ocrx_word' id='word_1_126' title='bbox 2374 2322 2594 2387; x_wconf 83' lang='lat' dir='ltr'><strong>mani-</strong></span> 
     </span>
     <span class='ocr_line' id='line_1_17' title="bbox 423 2434 2587 2518; baseline -0.001 -17"><span class='ocrx_word' id='word_1_127' title='bbox 423 2434 626 2503; x_wconf 82' lang='lat' dir='ltr'><strong>festus</strong></span> <span class='ocrx_word' id='word_1_128' title='bbox 694 2435 992 2503; x_wconf 89' lang='lat' dir='ltr'><strong>eiusdem</strong></span> <span class='ocrx_word' id='word_1_129' title='bbox 1059 2460 1414 2503; x_wconf 83' lang='lat' dir='ltr'><strong>consensus</strong></span> <span class='ocrx_word' id='word_1_130' title='bbox 1477 2461 1628 2503; x_wconf 88' lang='lat' dir='ltr'><strong>cum</strong></span> <span class='ocrx_word' id='word_1_131' title='bbox 1678 2434 2109 2505; x_wconf 76' lang='lat' dir='ltr'><strong>Samaiitano.</strong></span> <span class='ocrx_word' id='word_1_132' title='bbox 2213 2436 2587 2518; x_wconf 86' lang='lat' dir='ltr'><strong>Quae1itur,</strong></span> 
     </span>
     <span class='ocr_line' id='line_1_18' title="bbox 423 2550 2585 2642; baseline -0.002 -25"><span class='ocrx_word' id='word_1_133' title='bbox 423 2567 779 2617; x_wconf 70' lang='lat' dir='ltr'><strong>sea-tumne</strong></span> <span class='ocrx_word' id='word_1_134' title='bbox 859 2577 943 2616; x_wconf 89' lang='lat' dir='ltr'><strong>an</strong></span> <span class='ocrx_word' id='word_1_135' title='bbox 1019 2555 1370 2642; x_wconf 83' lang='lat' dir='ltr'><strong>septimum</strong></span> <span class='ocrx_word' id='word_1_136' title='bbox 1455 2550 1633 2616; x_wconf 86' lang='lat' dir='ltr'><strong>diem</strong></span> <span class='ocrx_word' id='word_1_137' title='bbox 1701 2552 1847 2642; x_wconf 89' lang='lat' dir='ltr'><strong>ipse</strong></span> <span class='ocrx_word' id='word_1_138' title='bbox 1914 2568 2143 2617; x_wconf 85' lang='lat' dir='ltr'><strong>auctor</strong></span> <span class='ocrx_word' id='word_1_139' title='bbox 2216 2550 2585 2616; x_wconf 89' lang='lat' dir='ltr'><strong>Hebraicus</strong></span> 
     </span>
     <span class='ocr_line' id='line_1_19' title="bbox 423 2663 2585 2757; baseline -0.002 -25"><span class='ocrx_word' id='word_1_140' title='bbox 423 2666 815 2757; x_wconf 75' lang='lat' dir='ltr'><strong>scripserit?</strong></span> <span class='ocrx_word' id='word_1_141' title='bbox 914 2665 1429 2732; x_wconf 64' lang='lat' dir='ltr'><strong>Commendant,</strong></span> <span class='ocrx_word' id='word_1_142' title='bbox 1457 2664 1780 2731; x_wconf 83' lang='lat' dir='ltr'><strong>Graecam</strong></span> <span class='ocrx_word' id='word_1_143' title='bbox 1828 2665 2185 2731; x_wconf 87' lang='lat' dir='ltr'><strong>lectionem</strong></span> <span class='ocrx_word' id='word_1_144' title='bbox 2233 2663 2380 2729; x_wconf 89' lang='lat' dir='ltr'><strong>loca</strong></span> <span class='ocrx_word' id='word_1_145' title='bbox 2425 2689 2585 2756; x_wconf 88' lang='lat' dir='ltr'><strong>par-</strong></span> 
     </span>
     <span class='ocr_line' id='line_1_20' title="bbox 422 2766 2583 2848; baseline -0.001 -4"><span class='ocrx_word' id='word_1_146' title='bbox 422 2777 615 2844; x_wconf 90' lang='lat' dir='ltr'><strong>allela</strong></span> <span class='ocrx_word' id='word_1_147' title='bbox 662 2780 784 2845; x_wconf 83' lang='lat' dir='ltr'><strong>Ex.</strong></span> <span class='ocrx_word' id='word_1_148' title='bbox 816 2783 929 2848; x_wconf 78' lang='lat'><strong>20.</strong></span> <span class='ocrx_word' id='word_1_149' title='bbox 987 2785 1095 2846; x_wconf 80' lang='lat'><strong>11.</strong></span> <span class='ocrx_word' id='word_1_150' title='bbox 1148 2781 1264 2845; x_wconf 91' lang='lat' dir='ltr'><strong>ubi</strong></span> <span class='ocrx_word' id='word_1_151' title='bbox 1325 2781 1633 2846; x_wconf 89' lang='lat' dir='ltr'><strong>Hebraeo</strong></span> <span class='ocrx_word' id='word_1_152' title='bbox 1685 2803 2053 2847; x_wconf 87' lang='lat' dir='ltr'><strong>consonans</strong></span> <span class='ocrx_word' id='word_1_153' title='bbox 2107 2777 2401 2844; x_wconf 86' lang='lat' dir='ltr'><strong>Graecus</strong></span> <span class='ocrx_word' id='word_1_154' title='bbox 2464 2766 2583 2841; x_wconf 82' lang='lat' dir='ltr'><strong>lia-</strong></span> 
     </span>
     <span class='ocr_line' id='line_1_21' title="bbox 416 2883 2580 2987; baseline -0.001 -29"><span class='ocrx_word' id='word_1_155' title='bbox 416 2893 536 2960; x_wconf 86' lang='lat' dir='ltr'><strong>bet</strong></span> <span class='ocrx_word' id='word_1_156' title='bbox 573 2886 696 2961; x_wconf 81' lang='grc' dir='ltr'><strong>Ἐν</strong></span> <span class='ocrx_word' id='word_1_157' title='bbox 726 2888 859 2987; x_wconf 75' lang='grc' dir='ltr'><strong>γὰρ</strong></span> <span class='ocrx_word' id='word_1_158' title='bbox 909 2883 990 2973; x_wconf 76' lang='grc' dir='ltr'><strong>ἕξ</strong></span> <span class='ocrx_word' id='word_1_159' title='bbox 1041 2888 1402 2985; x_wconf 79' lang='grc' dir='ltr'><em>ἡμέραις</em></span> <span class='ocrx_word' id='word_1_160' title='bbox 1449 2886 1808 2972; x_wconf 78' lang='grc' dir='ltr'><strong>ἐποίησε.</strong></span> <span class='ocrx_word' id='word_1_161' title='bbox 1859 2941 1877 2958; x_wconf 91' lang='grc'><strong>.</strong></span> <span class='ocrx_word' id='word_1_162' title='bbox 1930 2941 1946 2958; x_wconf 91' lang='grc'><strong>.</strong></span> <span class='ocrx_word' id='word_1_163' title='bbox 1996 2888 2121 2958; x_wconf 85' lang='grc' dir='ltr'><strong>καὶ</strong></span> <span class='ocrx_word' id='word_1_164' title='bbox 2157 2884 2580 2958; x_wconf 83' lang='grc' dir='ltr'><strong><em>κατέπαυσε</em></strong></span> 
     </span>
     <span class='ocr_line' id='line_1_22' title="bbox 417 2997 2579 3101; baseline -0.002 -28"><span class='ocrx_word' id='word_1_165' title='bbox 417 3008 526 3100; x_wconf 75' lang='grc' dir='ltr'><strong>τῇ</strong></span> <span class='ocrx_word' id='word_1_166' title='bbox 597 3002 886 3101; x_wconf 73' lang='grc' dir='ltr'><em>ἡμέρᾳ</em></span> <span class='ocrx_word' id='word_1_167' title='bbox 932 3000 1036 3101; x_wconf 75' lang='grc' dir='ltr'><strong>τῇ</strong></span> <span class='ocrx_word' id='word_1_168' title='bbox 1109 2997 1459 3101; x_wconf 72' lang='grc' dir='ltr'><em>ἑβδόμῃ</em></span> <span class='ocrx_word' id='word_1_169' title='bbox 1523 3005 1685 3075; x_wconf 82' lang='grc' dir='ltr'><strong>κτλ.</strong></span> <span class='ocrx_word' id='word_1_170' title='bbox 1753 3009 2045 3096; x_wconf 86' lang='lat' dir='ltr'><strong>itemque</strong></span> <span class='ocrx_word' id='word_1_171' title='bbox 2095 3007 2212 3086; x_wconf 86' lang='lat'><strong>31,</strong></span> <span class='ocrx_word' id='word_1_172' title='bbox 2265 3008 2374 3086; x_wconf 87' lang='lat'><strong>17,</strong></span> <span class='ocrx_word' id='word_1_173' title='bbox 2426 3006 2579 3097; x_wconf 87' lang='lat' dir='ltr'><strong>qui-</strong></span> 
     </span>
     <span class='ocr_line' id='line_1_23' title="bbox 413 3112 2577 3215; baseline -0.001 -26"><span class='ocrx_word' id='word_1_174' title='bbox 413 3124 696 3190; x_wconf 86' lang='lat' dir='ltr'><strong>buscum</strong></span> <span class='ocrx_word' id='word_1_175' title='bbox 741 3122 1030 3192; x_wconf 89' lang='lat' dir='ltr'><strong>conferri</strong></span> <span class='ocrx_word' id='word_1_176' title='bbox 1077 3140 1358 3215; x_wconf 87' lang='lat' dir='ltr'><strong>possunt</strong></span> <span class='ocrx_word' id='word_1_177' title='bbox 1404 3122 1494 3188; x_wconf 88' lang='lat' dir='ltr'><strong>ib.</strong></span> <span class='ocrx_word' id='word_1_178' title='bbox 1553 3122 1666 3202; x_wconf 76' lang='lat'><strong>23,</strong></span> <span class='ocrx_word' id='word_1_179' title='bbox 1720 3124 1827 3191; x_wconf 77' lang='lat'><strong>12.</strong></span> <span class='ocrx_word' id='word_1_180' title='bbox 1863 3124 1975 3201; x_wconf 75' lang='lat'><strong>24,</strong></span> <span class='ocrx_word' id='word_1_181' title='bbox 2023 3117 2128 3187; x_wconf 85' lang='lat'><strong>16.</strong></span> <span class='ocrx_word' id='word_1_182' title='bbox 2178 3112 2577 3211; x_wconf 83' lang='lat' dir='ltr'><strong>(Ambiguus</strong></span> 
     </span>
     <span class='ocr_line' id='line_1_24' title="bbox 348 3213 2579 3321; baseline -0.001 -18"><span class='ocrx_word' id='word_1_183' title='bbox 348 3213 353 3224; x_wconf 43' lang='lat'><strong><em>¹</em></strong></span> <span class='ocrx_word' id='word_1_184' title='bbox 419 3257 516 3304; x_wconf 88' lang='lat' dir='ltr'><strong>est</strong></span> <span class='ocrx_word' id='word_1_185' title='bbox 564 3236 748 3304; x_wconf 88' lang='lat' dir='ltr'><strong>locus</strong></span> <span class='ocrx_word' id='word_1_186' title='bbox 796 3239 915 3304; x_wconf 80' lang='lat' dir='ltr'><strong>Ex.</strong></span> <span class='ocrx_word' id='word_1_187' title='bbox 964 3240 1075 3319; x_wconf 84' lang='lat'><strong>13,</strong></span> <span class='ocrx_word' id='word_1_188' title='bbox 1127 3237 1191 3306; x_wconf 88' lang='grc'><strong>6.</strong></span> <span class='ocrx_word' id='word_1_189' title='bbox 1242 3239 1360 3304; x_wconf 89' lang='lat' dir='ltr'><strong>ubi</strong></span> <span class='ocrx_word' id='word_1_190' title='bbox 1405 3237 1697 3303; x_wconf 87' lang='lat' dir='ltr'><strong>Graecus</strong></span> <span class='ocrx_word' id='word_1_191' title='bbox 1750 3253 1817 3301; x_wconf 87' lang='lat' dir='ltr'><strong>et</strong></span> <span class='ocrx_word' id='word_1_192' title='bbox 1844 3236 1989 3302; x_wconf 85' lang='lat' dir='ltr'><strong>Vet.</strong></span> <span class='ocrx_word' id='word_1_193' title='bbox 2028 3237 2166 3305; x_wconf 88' lang='lat' dir='ltr'><strong>Lat.</strong></span> <span class='ocrx_word' id='word_1_194' title='bbox 2206 3225 2329 3313; x_wconf 62' lang='grc' dir='ltr'><strong>’Ἐξ</strong></span> <span class='ocrx_word' id='word_1_195' title='bbox 2381 3226 2579 3321; x_wconf 79' lang='grc' dir='ltr'><em>ἡμέ-</em></span> 
     </span>
     <span class='ocr_line' id='line_1_25' title="bbox 416 3338 2577 3447; baseline -0.002 -30"><span class='ocrx_word' id='word_1_196' title='bbox 416 3373 570 3442; x_wconf 81' lang='grc' dir='ltr'><strong>ρας</strong></span> <span class='ocrx_word' id='word_1_197' title='bbox 618 3342 876 3419; x_wconf 49' lang='lat'><strong>33⁶0&amp;-</strong></span> <span class='ocrx_word' id='word_1_198' title='bbox 905 3344 1176 3442; x_wconf 69' lang='grc' dir='ltr'><em>ἄζυμα·</em></span> <span class='ocrx_word' id='word_1_199' title='bbox 1230 3343 1477 3447; x_wconf 78' lang='grc' dir='ltr'><strong><em>τῇδὲ</em></strong></span> <span class='ocrx_word' id='word_1_200' title='bbox 1528 3341 1812 3444; x_wconf 72' lang='grc' dir='ltr'><em>ἡμέρᾳ</em></span> <span class='ocrx_word' id='word_1_201' title='bbox 1859 3351 1963 3443; x_wconf 72' lang='grc' dir='ltr'><strong>τῇ</strong></span> <span class='ocrx_word' id='word_1_202' title='bbox 2007 3338 2329 3443; x_wconf 69' lang='grc' dir='ltr'><em>ἑβδόμῃ</em></span> <span class='ocrx_word' id='word_1_203' title='bbox 2365 3343 2577 3442; x_wconf 77' lang='grc' dir='ltr'><strong><em>ἑορτὴ</em></strong></span> 
     </span>
     <span class='ocr_line' id='line_1_26' title="bbox 414 3459 2579 3559; baseline -0.001 -28"><span class='ocrx_word' id='word_1_204' title='bbox 414 3459 699 3559; x_wconf 76' lang='grc' dir='ltr'><strong><em>κυρίου,</em></strong></span> <span class='ocrx_word' id='word_1_205' title='bbox 762 3467 884 3533; x_wconf 87' lang='lat' dir='ltr'><strong>sed</strong></span> <span class='ocrx_word' id='word_1_206' title='bbox 932 3469 1139 3535; x_wconf 85' lang='lat' dir='ltr'><strong>Hebr.</strong></span> <span class='ocrx_word' id='word_1_207' title='bbox 1206 3494 1357 3536; x_wconf 87' lang='lat' dir='ltr'><strong>cum</strong></span> <span class='ocrx_word' id='word_1_208' title='bbox 1406 3468 1679 3534; x_wconf 85' lang='lat' dir='ltr'><strong>Hieron.</strong></span> <span class='ocrx_word' id='word_1_209' title='bbox 1740 3467 1810 3530; x_wconf 89' lang='lat' dir='ltr'><strong>in</strong></span> <span class='ocrx_word' id='word_1_210' title='bbox 1861 3464 2056 3556; x_wconf 83' lang='lat' dir='ltr'><strong>Vulg.</strong></span> <span class='ocrx_word' id='word_1_211' title='bbox 2108 3464 2382 3557; x_wconf 84' lang='lat' dir='ltr'><strong>Septem</strong></span> <span class='ocrx_word' id='word_1_212' title='bbox 2431 3462 2579 3529; x_wconf 81' lang='lat' dir='ltr'><strong>clie-</strong></span> 
     </span>
     <span class='ocr_line' id='line_1_27' title="bbox 417 3569 2576 3674; baseline -0.002 -28"><span class='ocrx_word' id='word_1_213' title='bbox 417 3570 539 3646; x_wconf 78' lang='lat' dir='ltr'><strong>bus</strong></span> <span class='ocrx_word' id='word_1_214' title='bbox 590 3586 875 3649; x_wconf 77' lang='lat' dir='ltr'><strong>vesceris</strong></span> <span class='ocrx_word' id='word_1_215' title='bbox 923 3588 1222 3674; x_wconf 78' lang='lat' dir='ltr'><strong>azymis,</strong></span> <span class='ocrx_word' id='word_1_216' title='bbox 1275 3599 1347 3651; x_wconf 84' lang='lat' dir='ltr'><strong>et</strong></span> <span class='ocrx_word' id='word_1_217' title='bbox 1392 3589 1467 3650; x_wconf 82' lang='lat' dir='ltr'><strong>in</strong></span> <span class='ocrx_word' id='word_1_218' title='bbox 1516 3581 1629 3649; x_wconf 82' lang='lat' dir='ltr'><strong>die</strong></span> <span class='ocrx_word' id='word_1_219' title='bbox 1677 3569 1961 3672; x_wconf 54' lang='lat' dir='ltr'><strong>septimi&gt;</strong></span> <span class='ocrx_word' id='word_1_220' title='bbox 2000 3584 2133 3646; x_wconf 85' lang='lat' dir='ltr'><strong>erit</strong></span> <span class='ocrx_word' id='word_1_221' title='bbox 2176 3580 2576 3647; x_wconf 80' lang='lat' dir='ltr'><strong>solemnitas</strong></span> 
     </span>
    </p>
   </div>
   <div class='ocr_carea' id='block_1_3' title="bbox 460 3746 723 3756">
    <p class='ocr_par' dir='ltr' id='par_1_4' title="bbox 460 3746 723 3756">
     <span class='ocr_line' id='line_1_28' title="bbox 460 3746 723 3756; baseline 0 1411"><span class='ocrx_word' id='word_1_222' title='bbox 460 3746 723 3756; x_wconf 95' lang='lat' dir='ltr'><strong> </strong></span> 
     </span>
    </p>
   </div>
   <div class='ocr_carea' id='block_1_4' title="bbox 405 3747 867 3758">
    <p class='ocr_par' dir='ltr' id='par_1_5' title="bbox 405 3747 867 3758">
     <span class='ocr_line' id='line_1_29' title="bbox 405 3747 867 3758; baseline -0.006 0"><span class='ocrx_word' id='word_1_223' title='bbox 405 3748 456 3758; x_wconf 59' lang='lat'>...-</span> <span class='ocrx_word' id='word_1_224' title='bbox 730 3747 867 3756; x_wconf 74' lang='lat'>-—--—-</span> 
     </span>
    </p>
   </div>
   <div class='ocr_carea' id='block_1_5' title="bbox 464 3823 2575 4340">
    <p class='ocr_par' dir='ltr' id='par_1_6' title="bbox 464 3823 2575 4340">
     <span class='ocr_line' id='line_1_30' title="bbox 464 3823 2572 3902; baseline -0.004 -20"><span class='ocrx_word' id='word_1_225' title='bbox 464 3830 511 3902; x_wconf 67' lang='lat'><strong>⁸¹)</strong></span> <span class='ocrx_word' id='word_1_226' title='bbox 549 3830 746 3882; x_wconf 87' lang='lat' dir='ltr'><strong>Locum</strong></span> <span class='ocrx_word' id='word_1_227' title='bbox 781 3838 939 3884; x_wconf 81' lang='lat' dir='ltr'><strong>vocat</strong></span> <span class='ocrx_word' id='word_1_228' title='bbox 973 3830 1081 3882; x_wconf 86' lang='lat' dir='ltr'><strong>iam</strong></span> <span class='ocrx_word' id='word_1_229' title='bbox 1118 3829 1254 3882; x_wconf 81' lang='lat' dir='ltr'><strong>adeo</strong></span> <span class='ocrx_word' id='word_1_230' title='bbox 1287 3847 1319 3881; x_wconf 89' lang='lat' dir='ltr'><strong>a</strong></span> <span class='ocrx_word' id='word_1_231' title='bbox 1353 3829 1480 3883; x_wconf 81' lang='lat' dir='ltr'><strong>viris</strong></span> <span class='ocrx_word' id='word_1_232' title='bbox 1516 3829 1688 3883; x_wconf 83' lang='lat' dir='ltr'><strong>doctis</strong></span> <span class='ocrx_word' id='word_1_233' title='bbox 1725 3833 2018 3892; x_wconf 77' lang='lat' dir='ltr'><strong>excussum,</strong></span> <span class='ocrx_word' id='word_1_234' title='bbox 2053 3836 2117 3881; x_wconf 82' lang='lat' dir='ltr'><strong>ut</strong></span> <span class='ocrx_word' id='word_1_235' title='bbox 2150 3824 2451 3880; x_wconf 79' lang='lat' dir='ltr'><strong>mirandum</strong></span> <span class='ocrx_word' id='word_1_236' title='bbox 2484 3823 2572 3887; x_wconf 77' lang='lat' dir='ltr'><strong>sit,</strong></span> 
     </span>
     <span class='ocr_line' id='line_1_31' title="bbox 547 3910 2572 3988; baseline -0.003 -20"><span class='ocrx_word' id='word_1_237' title='bbox 547 3935 578 3968; x_wconf 83' lang='lat' dir='ltr'><strong>a</strong></span> <span class='ocrx_word' id='word_1_238' title='bbox 615 3915 774 3968; x_wconf 90' lang='lat' dir='ltr'><strong>docto</strong></span> <span class='ocrx_word' id='word_1_239' title='bbox 821 3925 877 3968; x_wconf 85' lang='lat' dir='ltr'><strong>et</strong></span> <span class='ocrx_word' id='word_1_240' title='bbox 915 3925 1162 3969; x_wconf 86' lang='lat' dir='ltr'><strong>accurato</strong></span> <span class='ocrx_word' id='word_1_241' title='bbox 1201 3914 1399 3968; x_wconf 81' lang='lat' dir='ltr'><strong>Critico</strong></span> <span class='ocrx_word' id='word_1_242' title='bbox 1448 3917 1601 3969; x_wconf 87' lang='lat' dir='ltr'><strong>illum</strong></span> <span class='ocrx_word' id='word_1_243' title='bbox 1635 3933 1736 3988; x_wconf 84' lang='lat' dir='ltr'><strong>pro</strong></span> <span class='ocrx_word' id='word_1_244' title='bbox 1774 3916 1972 3984; x_wconf 84' lang='lat' dir='ltr'><strong>insigni</strong></span> <span class='ocrx_word' id='word_1_245' title='bbox 2004 3913 2324 3967; x_wconf 81' lang='lat' dir='ltr'><strong>Mutationis</strong></span> <span class='ocrx_word' id='word_1_246' title='bbox 2365 3910 2572 3962; x_wconf 74' lang='lat' dir='ltr'><strong>vocum</strong></span> 
     </span>
     <span class='ocr_line' id='line_1_32' title="bbox 546 3996 2570 4075; baseline -0.005 -20"><span class='ocrx_word' id='word_1_247' title='bbox 546 4003 795 4072; x_wconf 85' lang='lat' dir='ltr'><strong>exemplo</strong></span> <span class='ocrx_word' id='word_1_248' title='bbox 838 4003 1060 4066; x_wconf 86' lang='lat' dir='ltr'><strong>adduci,</strong></span> <span class='ocrx_word' id='word_1_249' title='bbox 1098 4005 1178 4059; x_wconf 90' lang='lat' dir='ltr'><strong>Io.</strong></span> <span class='ocrx_word' id='word_1_250' title='bbox 1215 4002 1533 4075; x_wconf 74' lang='lat' dir='ltr'><strong>Buxtotfius</strong></span> <span class='ocrx_word' id='word_1_251' title='bbox 1562 4003 1810 4055; x_wconf 73' lang='lat' dir='ltr'><strong>Antion-it.</strong></span> <span class='ocrx_word' id='word_1_252' title='bbox 1848 4002 1965 4053; x_wconf 86' lang='lat' dir='ltr'><strong>adv.</strong></span> <span class='ocrx_word' id='word_1_253' title='bbox 2000 4000 2134 4052; x_wconf 80' lang='lat' dir='ltr'><strong>Lud.</strong></span> <span class='ocrx_word' id='word_1_254' title='bbox 2168 3999 2420 4070; x_wconf 80' lang='lat' dir='ltr'><strong>Cappelli</strong></span> <span class='ocrx_word' id='word_1_255' title='bbox 2454 3996 2570 4046; x_wconf 86' lang='lat' dir='ltr'><strong>Cri-</strong></span> 
     </span>
     <span class='ocr_line' id='line_1_33' title="bbox 544 4082 2568 4158; baseline -0.004 -17"><span class='ocrx_word' id='word_1_256' title='bbox 544 4090 706 4141; x_wconf 85' lang='lat' dir='ltr'><strong>ticam</strong></span> <span class='ocrx_word' id='word_1_257' title='bbox 742 4106 797 4158; x_wconf 87' lang='lat' dir='ltr'><strong>p.</strong></span> <span class='ocrx_word' id='word_1_258' title='bbox 830 4090 952 4158; x_wconf 82' lang='lat'><strong>539.</strong></span> <span class='ocrx_word' id='word_1_259' title='bbox 1020 4089 1177 4140; x_wconf 87' lang='lat' dir='ltr'><strong>Diem</strong></span> <span class='ocrx_word' id='word_1_260' title='bbox 1220 4096 1427 4139; x_wconf 78' lang='lat' dir='ltr'><strong>sextum</strong></span> <span class='ocrx_word' id='word_1_261' title='bbox 1465 4105 1496 4138; x_wconf 84' lang='lat' dir='ltr'><strong>a</strong></span> <span class='ocrx_word' id='word_1_262' title='bbox 1533 4087 1787 4148; x_wconf 85' lang='lat' dir='ltr'><strong>Graecis,</strong></span> <span class='ocrx_word' id='word_1_263' title='bbox 1837 4103 2037 4155; x_wconf 81' lang='lat' dir='ltr'><strong>eosque</strong></span> <span class='ocrx_word' id='word_1_264' title='bbox 2082 4085 2434 4154; x_wconf 76' lang='lat' dir='ltr'><strong>sequentibus</strong></span> <span class='ocrx_word' id='word_1_265' title='bbox 2472 4082 2568 4133; x_wconf 88' lang='lat' dir='ltr'><strong>Sa-</strong></span> 
     </span>
     <span class='ocr_line' id='line_1_34' title="bbox 547 4172 2575 4245; baseline -0.002 -18"><span class='ocrx_word' id='word_1_266' title='bbox 547 4177 855 4240; x_wconf 71' lang='lat' dir='ltr'><strong>mni-itania,</strong></span> <span class='ocrx_word' id='word_1_267' title='bbox 889 4176 1018 4229; x_wconf 85' lang='lat' dir='ltr'><strong>huic</strong></span> <span class='ocrx_word' id='word_1_268' title='bbox 1057 4176 1176 4228; x_wconf 81' lang='lat' dir='ltr'><strong>loco</strong></span> <span class='ocrx_word' id='word_1_269' title='bbox 1214 4176 1480 4227; x_wconf 79' lang='lat' dir='ltr'><strong>intrusum</strong></span> <span class='ocrx_word' id='word_1_270' title='bbox 1514 4174 1834 4245; x_wconf 82' lang='lat' dir='ltr'><strong>pronuntiat</strong></span> <span class='ocrx_word' id='word_1_271' title='bbox 1866 4173 1995 4225; x_wconf 87' lang='lat' dir='ltr'><strong>Seb.</strong></span> <span class='ocrx_word' id='word_1_272' title='bbox 2033 4174 2228 4224; x_wconf 84' lang='lat' dir='ltr'><strong>Ravius</strong></span> <span class='ocrx_word' id='word_1_273' title='bbox 2264 4172 2575 4230; x_wconf 80' lang='lat' dir='ltr'><strong>Exercitatt.</strong></span> 
     </span>
     <span class='ocr_line' id='line_1_35' title="bbox 545 4258 2248 4340; baseline 0 -27"><span class='ocrx_word' id='word_1_274' title='bbox 545 4262 613 4314; x_wconf 81' lang='lat' dir='ltr'><strong>ad</strong></span> <span class='ocrx_word' id='word_1_275' title='bbox 643 4262 816 4316; x_wconf 85' lang='lat' dir='ltr'><strong>Houb.</strong></span> <span class='ocrx_word' id='word_1_276' title='bbox 851 4279 906 4333; x_wconf 79' lang='lat' dir='ltr'><strong>p,</strong></span> <span class='ocrx_word' id='word_1_277' title='bbox 943 4262 1057 4318; x_wconf 75' lang='lat'><strong>133.</strong></span> <span class='ocrx_word' id='word_1_278' title='bbox 1126 4261 1207 4317; x_wconf 86' lang='lat' dir='ltr'><strong>cf.</strong></span> <span class='ocrx_word' id='word_1_279' title='bbox 1240 4260 1506 4340; x_wconf 68' lang='lat' dir='ltr'><strong>Geseuius</strong></span> <span class='ocrx_word' id='word_1_280' title='bbox 1538 4262 1620 4314; x_wconf 85' lang='lat' dir='ltr'><strong>De</strong></span> <span class='ocrx_word' id='word_1_281' title='bbox 1657 4261 1812 4317; x_wconf 79' lang='lat' dir='ltr'><strong>Pent.</strong></span> <span class='ocrx_word' id='word_1_282' title='bbox 1850 4258 2050 4313; x_wconf 79' lang='lat' dir='ltr'><strong>Samar.</strong></span> <span class='ocrx_word' id='word_1_283' title='bbox 2082 4276 2139 4329; x_wconf 89' lang='lat' dir='ltr'><strong>p.</strong></span> <span class='ocrx_word' id='word_1_284' title='bbox 2163 4262 2248 4314; x_wconf 80' lang='lat'><strong>50.</strong></span> 
     </span>
    </p>
   </div>
  </div>
 </body>
</html>
