3550 5167
834 541 1030 638 “Cap.
1079 547 1141 614 I.
1184 606 1195 620 ,
1241 543 1347 610 De
1398 540 1626 611 indole
1673 540 1885 612 Psalt.
1931 545 2086 636 Syr.
2458 550 2546 615 13

400 744 874 840 praestitisset3
947 739 1067 808 sed
1131 740 1508 838 Collegam,
1590 735 1749 810 dum
1808 743 2029 835 copias
2088 743 2550 812 Britannorum

402 860 701 946 (”Olmes
751 858 1008 924 lentum
1054 856 1285 949 opus«)
1332 874 1774 951 exspectaret,
1822 876 1887 924 et
1933 860 2197 924 interim
2246 858 2400 927 alias
2440 885 2550 928 res

396 977 616 1068 ageret
640 1026 659 1056 ,
722 990 934 1040 morte
1002 972 1355 1040 liberatum
1414 973 1612 1039 fuisse
1666 997 1872 1064 quum
1921 974 2002 1038 ab
2063 973 2243 1039 omni
2291 973 2549 1068 reliqua

395 1114 552 1158 cura
611 1107 758 1156 *tum
848 1113 886 1153 a
965 1086 1314 1180 praefandi
1393 1089 1656 1179 negotio
1694 1084 1789 1172 '*).
1911 1085 2196 1154 Videtur
2277 1092 2548 1157 omnino

396 1202 632 1272 Codex
667 1201 811 1270 MS.
862 1221 1178 1296 quantum
1226 1201 1313 1269 ad
1354 1201 1644 1269 Psalmos
1687 1204 1978 1295 pertinet
2020 1204 2304 1295 optimae
2354 1222 2549 1269 notae

394 1339 462 1388 et
511 1319 706 1384 'bene
775 1307 1209 1385 conservatus.
1306 1318 1721 1384 Lacunarum
1786 1313 1953 1382 nihil
2024 1316 2585 1409 deprehenditur.

391 1452 859 1529 praeterquam
921 1434 991 1498 in
1056 1433 1160 1499 Ps.
1236 1436 1365 1513 17,
1429 1430 1496 1500 6.
1559 1433 1677 1497 ubi
1739 1450 1894 1523 post
1967 1449 2076 1528 <ko
2129 1428 2281 1519 1033>
2336 1444 2551 1506 mnae

389 1547 617 1653 naam,
669 1564 739 1616 et
783 1546 1047 1614 audivit
1095 1546 1406 1612 dominus
1440 1545 1527 1612 de
1577 1547 1819 1637 templo
1853 1545 2315 1614 desiderantur
2360 1566 2552 1640 quat-

393 1682 543 1732 tuor
590 1665 730 1730 fere
768 1664 933 1729 haec
976 1661 1295 1729 vocabula
1342 1677 1582 1727 sancto
1629 1683 1752 1727 suo
1806 1655 2030 1728 vocem
2075 1686 2312 1744 meam,
2358 1682 2552 1756 parte

393 1780 532 1845 eius
592 1777 735 1846 folii
806 1776 1018 1848 cultro
1081 1778 1365 1843 abscissa
1391 1827 1411 1858 ,
1480 1795 1554 1845 ut
1592 1775 1828 1844 Editor
1875 1779 1948 1843 in
1995 1774 2551 1844 Adnotationibus

390 1913 636 1961 monet.
734 1892 902 1959 Nam
950 1895 1095 1987 ipse
1145 1891 1479 1959 defectum
1524 1895 1788 1986 punctis
1836 1910 2091 1959 ,tantum
2144 1892 2551 1984 significavit,

391 2033 530 2079 non
581 2008 958 2101 supplevit,
1024 2009 1427 2101 omninoque
1495 2010 1623 2074 sibi
1682 2008 1856 2075 hanc
1927 2006 2141 2102 legem
2201 2009 2550 2100 imposuit,

398 2142 472 2191 ut
513 2124 618 2192 vel
663 2145 921 2191 errores
959 2125 1306 2217 graphicos
1351 2122 1606 2191 librarii
1647 2125 1997 2205 retineret,
2047 2123 2297 2191 monito
2330 2141 2552 2190 tamen

390 2236 674 2306 lectore:
730 2238 1147 2332 dignissimus
1197 2237 1312 2305 ille
1364 2241 1559 2307 etiam
1609 2237 1796 2332 quod
1844 2238 1928 2305 ad
1955 2238 2247 2306 Psalmos
2301 2240 2550 2318 attinet,

392 2355 644 2448 magnis
691 2353 1030 2435 laudibuS,
1085 2355 1325 2447 quibus
1376 2354 1425 2418 1.
1478 2356 1562 2421 D.
1594 2352 2086 2436 Michaelis,
2134 2352 2553 2420 Eichhor-

393 2470 579 2537 nius
645 2487 711 2537 et
774 2468 886 2535 alii
934 2468 1226 2536 Danielis
1290 2469 1634 2536 Editorem
1680 2487 2085 2536 ornaverant.
2184 2466 2553 2562 Στιχηρῶς
2645 2499 2649 2504 ·

397 2601 729 2651 exaratum
789 2607 930 2649 esse
987 2582 1178 2649 illum
1228 2582 1547 2654 Codicem
1575 2583 1743 2679 MS.
1799 2609 1879 2651 ex
1950 2608 2029 2652 eo
2104 2584 2270 2649 mihi
2343 2583 2554 2649 conii-

398 2721 551 2765 cere
599 2695 863 2779 videor,
915 2695 1098 2791 quod
1146 2696 1381 2765 Editor
1430 2698 1840 2792 singulorum
1891 2692 2171 2792 στίχων
2217 2697 2401 2764 initia
2446 2697 2555 2761 in-
2644 2744 2651 2752 ·

398 2811 641 2880 dicavit
698 2814 998 2905 apposita
1066 2815 1327 2880 numeri
1386 2832 1539 2881 nota
1588 2812 1988 2896 minuscula,
2056 2831 2260 2880 totam
2309 2834 2555 2878 corun-

400 2926 556 2994 dem
634 2951 954 2993 summam
1017 2929 1160 3019 ipse
1223 2927 1426 3021 Syrus
1496 2927 1766 3020 singulis
1833 2927 2106 2995 Psalmis
2170 2926 2554 3019 praemisit,

397 3042 655 3111 Psalmo
707 3040 981 3136 quidem
1014 3043 1231 3136 primo
1274 3041 1658 3135 quindecim
1689 3039 1805 3127 '‘*),
1855 3041 2148 3109 secundo
2190 3058 2444 3133 septem
2486 3058 2554 3107 et

402 3160 668 3251 viginti,
710 3158 901 3226 tertio
957 3155 1411 3251 septendecim
1461 3175 1528 3223 et
1574 3159 1670 3223 sic
1714 3181 1920 3250 porro
1939 3208 1960 3240 ,
2022 3156 2167 3223 fere
2212 3175 2286 3222 ut
2334 3172 2434 3221 cst
2479 3155 2552 3220 iu

399 3271 807 3340 nobilissimo
860 3271 1111 3341 Codice
1163 3269 1417 3338 Graeco
1484 3270 1952 3340 Alexandrino.
2006 3307 2013 3322 ›
2052 3273 2152 3339 Ex
2199 3267 2391 3337 MSS.
2435 3294 2553 3334 au-

400 3406 531 3456 tem
583 3408 710 3454 στι
711 3389 937 3483 χηρῶς
988 3391 1260 3455 exaratis
1310 3387 1489 3455 haud
1537 3412 1686 3456 raro
1735 3388 2122 3482 intelligitur
2140 3438 2163 3469 ,
2214 3382 2550 3479 quomodo

401 3521 653 3571 veteres
700 3504 772 3569 in
826 3520 1001 3572 textu
1049 3502 1308 3572 Graeco
1369 3501 1624 3595 singula
1686 3506 1991 3572 carminis
2041 3502 2339 3574 membra
2389 3521 2551 3567 con-

467 3807 523 3881 *)
559 3807 728 3860 Natus
763 3815 846 3860 est
879 3808 1014 3861 cai.
1052 3810 1352 3878 Bugatus
1386 3808 1611 3863 mediol.
1658 3779 1836 3880 1745„
1869 3811 2013 3863 obiit
2052 3811 2197 3866 1816.

421 3892 433 3922 ³
466 3926 549 3999 *ἢ
587 3927 735 3978 De·
765 3925 963 3978 Βοιαὶ
999 3927 1057 3977 iu
1093 3928 1392 3993 Specimine
1436 3927 1684 3981 ineditae
1716 3942 1769 3982 et
1811 3929 2025 4000 laea-apl.
2061 3930 2360 3984 Bibliorum
2404 3931 2547 3985 Ver-s.

605 4014 743 4082 Syro
765 4042 791 4053 -
813 4012 1192 4084 estranghelae
1229 4025 1327 4065 etc.
1377 4014 1595 4066 Parmae
1651 4019 1795 4083 1788.
1850 4015 1942 4066 fol.
1977 4019 2029 4069 6.
2099 4014 2188 4067 Ad
2216 4016 2550 4086 marginem.

602 4108 710 4171 ait,
749 4106 980 4160 habetur
1010 4105 1112 4159 hoc
1146 4106 1457 4159 litterarum
1504 4105 1882 4179 compendium
1948 4121 2043 4164 ou
2101 4093 2235 4197 ἷκε),
2305 4123 2416 4178 quo
2457 4109 2546 4160 in·

605 4226 833 4289 unitur,
865 4226 1136 4279 Psalmum
1168 4222 1316 4277 hunc
1373 4238 1470 4282 σι..
1527 4195 1770 4323 Q*
1805 4225 1919 4278 sire
1950 4221 2009 4279 15
2029 4237 2223 4279 versus
2241 4226 2544 4298 complecti,

604 4338 702 4407 qui
734 4350 993 4395 accurate
1026 4336 1118 4394 Ιιίο
1151 4337 1453 4409 [στιχηρῶς
1487 4334 1754 4407 εει-ἰριίῗ]
1789 4332 2239 4409 ᾰίειίηςυιιηειινω
