3550 5167
961 457 1060 529 62
1677 457 1842 549 Cap.
1892 457 2001 531 II.
2102 458 2217 526 Ps.
2274 458 2392 530 95.

964 653 1090 724 sed
1137 659 1212 722 in
1265 653 1614 723 nonnullis
1654 654 1910 748 legitur
1957 655 2132 725 alius
2179 655 2451 723 ultimus
2495 679 2762 734 versus,
2809 658 2902 727 Et
2953 681 3118 753 opus

959 795 1278 837 manuum
1341 788 1736 839 nostrarum
1803 771 2073 863 dirige,·
2140 774 2253 839 cui
2326 775 2552 839 versui
2603 770 2973 865 diligentes
3045 791 3117 843 et

956 885 1149 955 docti
1184 902 1612 979 praenotant
1658 887 1966 965 ειείἱαηι,
2012 910 2181 981 quos
2205 884 2593 974 Asteriscos
2641 905 2912 968 vocant,
2962 895 3115 983 qui-

956 1001 1080 1070 bus
1126 1002 1532 1097 signficant
1579 1027 1699 1086 ea,
1779 1027 1955 1100 quae
2011 1007 2089 1071 in
2135 1001 2463 1071 Hebraeo
2524 1004 2633 1071 vel
2692 1004 2848 1073 aliis
2895 1010 3111 1082 inter-

952 1116 1258 1211 precibus
1308 1115 1602 1188 Graecis
1643 1124 2081 1212 reperiuntur
2096 1166 2126 1195 ,
2193 1123 2270 1185 in
2316 1118 2521 1187 LXX
2564 1143 2722 1188 vero
2773 1125 3109 1214 interpre-

955 1237 1223 1302 tatione
1290 1258 1435 1304 non
1510 1233 1871 1303 habentur.
1969 1235 2154 1302 Haec
2233 1232 2373 1302 ille.
2471 1236 2690 1305 Docet
2744 1236 2859 1304 hic
2923 1236 3110 1305 loeus

950 1347 1416 1446 psalmorum„
1447 1352 1519 1434 si,
1552 1352 1700 1444 quis
1748 1349 1950 1434 alius,
1992 1373 2132 1418 non
2179 1348 2397 1418 solum
2443 1368 2726 1443 quantae
2776 1354 3112 1422 vetustatis

952 1484 1021 1534 et
1061 1467 1501 1562 praestantiae
1549 1468 1635 1534 sit
1681 1484 1895 1535 textus
1943 1460 2338 1548 Vaticanus,
2388 1465 2510 1534 sed
2559 1469 2792 1548 etiam,
2838 1469 3109 1561 quinam

949 1581 1064 1650 alii
1104 1599 1303 1649 testes
1351 1582 1751 1649 sinceriores
1794 1582 2030 1650 haberi
2075 1579 2398 1649 debeant:
2461 1580 2662 1649 docet
2708 1584 2908 1664 item,
2979 1581 3107 1677 Sy·-

947 1720 1100 1791 rum
1141 1696 1254 1764 hic
1301 1698 1582 1792 propius
1631 1698 1864 1765 abesse
1912 1723 1952 1765 a
1997 1687 2259 1791 Κοινῇ,
2332 1722 2533 1791 quam
2579 1696 3108 1765 Alexandrinum

948 1809 1274 1880 Codicem
1292 1861 1316 1895 ,
1374 1813 1482 1880 eui
1547 1810 1737 1907 quod
1797 1810 1888 1880 ad
1928 1811 2224 1881 Psalmos
2274 1813 2538 1895 attinet,
2607 1812 2896 1879 Grahius
2944 1838 3107 1907 pre-

945 1927 1114 1994 tium
1159 1929 1331 1996 iusto
1377 1929 1588 1996 maius
1629 1929 1873 2000 statuit.
1951 1927 2192 1996 Utrum
2225 1952 2384 1997 vero
2425 1930 2558 2023 ipsi
2580 1929 2830 1995 LXX
2808 1953 2881 1994 m
2920 1946 3103 1996 textu

943 2041 1279 2111 Hebraico
1329 2067 1450 2111 suo
1496 2040 1695 2136 plura
1752 2066 1892 2113 non
1941 2040 2262 2137 legerint,
2337 2043 2453 2130 (cf.
2500 2040 2967 2128 Kennicottus)
3016 2067 3102 2108 an

939 2155 1370 2228 librariorum
1416 2158 1823 2253 negligentia
1880 2151 2148 2253 στίχος
2195 2157 2612 2227 interciderit
2659 2177 2810 2226 ante
2860 2151 3105 2251 Origess

942 2273 1046 2341 nis
1090 2298 1355 2357 aevum,
1406 2293 1545 2343 tuto
1590 2274 1727 2344 dici
1775 2300 1914 2344 non
1959 2292 2205 2369 potest.
2304 2272 2649 2341 Editorem
2688 2266 2814 2353 τῆς
2843 2274 3131 2351 Κοινῆς,

942 2387 1174 2471 decet,
1213 2391 1348 2477 hoe
1397 2391 1470 2457 in
1516 2389 1668 2457 loco
1719 2408 2061 2483 receptam
2109 2389 2422 2461 retinere.

1132 2505 1244 2574 Ps.
1292 2504 1431 2586 95,
1488 2507 1579 2574 10
1690 2500 1771 2571 Ὁ
1836 2502 2075 2599 κύριος
2138 2497 2608 2597 ἐβασίλευσε,
2674 2500 2882 2598 Syrus
2949 2506 3098 2593 με)

936 2617 1184 2727 ,ᾄδοι
1247 2618 1417 2688 nihil
1456 2594 1771 2714 amplius,
1821 2618 1944 2687 sed
1982 2608 2108 2686 ὅτι
2145 2616 2388 2714 κύριος
2428 2611 2863 2712 ἐβασίλευσε
2899 2617 3096 2687 Alex.
3128 2621 3139 2642 “

940 2752 1010 2802 et
1057 2735 1115 2803 C
1164 2735 1307 2803 fere
1355 2732 1468 2822 alii
1521 2734 1724 2806 MSS.
1789 2759 1942 2804 eum
1993 2731 2262 2828 Compl.
2305 2732 2464 2805 Ald,
2514 2732 2721 2805 Cord.
2768 2734 3096 2816 Eusebio,

940 2849 1183 2945 Chrys.
1234 2849 1491 2947 Cyrillo
1530 2850 1725 2921 Alex,
1761 2848 2194 2918 Theodoreto
2214 2900 2234 2931 ,
2284 2850 2404 2918 Ar.
2431 2850 2630 2920 Aeth.
2664 2850 2854 2919 Rom.
2891 2847 3093 2942 Vulg.

936 2964 1085 3049 Sic,
1153 2965 1274 3034 sed
1329 2958 1479 3040 ὅτι
1521 2963 1567 3034 ὁ
1633 2962 1874 3059 κύριος
1921 2965 1986 3033 V
2037 2963 2257 3035 codd.
2367 2967 2459 3033 At
2516 2990 2687 3057 quae
2748 2967 2881 3031 iam
2914 2963 3094 3030 'sum

937 3079 1272 3168 dicturus,
1333 3107 1559 3177 neque
1618 3081 1706 3149 ad
1754 3081 2150 3162 articulum,
2210 3104 2432 3172 neque
2482 3077 2570 3146 ad
2616 3069 2802 3160 ὅτι,
2867 3099 3092 3171 neque

935 3195 1026 3264 ad
1073 3195 1318 3291 Syrum
1364 3199 1671 3293 proxime
1719 3215 2055 3291 spectant,
2130 3194 2253 3262 sed
2319 3194 2407 3262 ad
2457 3214 2639 3263 reete
2687 3191 3090 3262 aestimanda

936 3331 1234 3382 veterum
1280 3316 1653 3381 testimonia
1699 3315 2058 3405 pertinent.
2159 3307 2471 3380 Ostendit
2514 3311 2710 3377 nobis
2742 3306 2925 3375 aliud
2951 3308 3091 3386 V3e-

935 3403 1223 3498 ronense
1269 3427 1663 3496 Psalterium
1702 3430 1774 3495 in
1820 3446 2107 3521 utroque
2157 3445 2367 3495 textu:
2436 3449 2478 3492 o
2536 3426 2812 3517 Quirios
2869 3421 3089 3489 ebusi-

935 3544 1171 3612 leusett
1216 3567 1348 3638 apo
1393 3543 1602 3637 ayla,
1651 3542 1952 3616 similiter
1993 3542 2116 3612 sed
2163 3563 2311 3612 απο
2349 3562 2452 3608 τω
2499 3533 2682 3622 ξυλω
2738 3537 2885 3609 156.
2909 3539 3089 3607 Lati-

934 3663 1159 3729 nizans
1204 3661 1618 3742 centenisin
1659 3658 1848 3729 locis.
1948 3659 2285 3726 Exhibeat
2330 3656 2644 3724 dominus
2690 3658 3011 3748 regnavit
3041 3680 3089 3723 a.

935 3776 1127 3869 ligno
1169 3765 1486 3857 psalteria
1531 3776 1763 3844 Latina
1808 3773 2116 3869 (excepto
2155 3772 2387 3868 Vulg.)
2435 3771 2757 3866 plurima,
2807 3768 3097 3840 SGerm.·

933 3891 1119 3972 Rom.
1151 3892 1355 3964 Corb.
1392 3892 1668 3965 Cornut.
1698 3890 2225 3970 Mozarabieum,
2274 3889 2569 3981 itemque
2617 3886 2893 3979 August.
2929 3884 3088 3951 Cas-

934 4005 1105 4092 siod.
1154 4007 1679 4089 Ambrosiaster,
1740 4008 1879 4074 Leo
1928 4006 2026 4074 M.
2075 4002 2356 4096 vigilius
2406 4002 2767 4095 Tapsensis
2787 4051 2808 4080 ,
2859 4016 2924 4064 et
2970 4022 3084 4064 ex·-

932 4122 1173 4216 pressit
1196 4123 1561 4192 Venantius
1595 4123 2014 4204 FortunatuS,
2065 4137 2263 4215 poeta
2300 4140 2467 4189 saec.
2518 4117 2682 4192 sexti
2723 4117 2791 4182 in
2833 4114 3082 4208 hymno
3183 4199 3189 4206 .

938 4238 1014 4309 V
1003 4237 1210 4306 exilla
1258 4235 1470 4331 Regis
1515 4235 1626 4307 his*
1671 4238 1921 4319 verbis,
