3550 5167
1275 519 1451 591 Gen.
1503 523 1617 600 II,
1664 521 1734 592 3.
2482 527 2572 595 27

433 739 729 788 nostrum
776 720 913 787 viso
930 769 951 801 ,
1011 716 1095 784 ab
1146 739 1375 787 aversa
1422 735 1677 786 tantum
1715 737 1906 814 parte
1955 744 2277 815 apparere
2317 722 2575 791 minore

432 835 779 902 evidentia.
893 836 971 901 In
1038 833 1221 901 omni
1285 832 1611 900 Versione
1683 839 1897 903 textus
1958 835 2294 929 originalis
2354 837 2575 930 potius

428 951 854 1043 transpicitur
925 955 1125 1042 quam
1179 949 1620 1041 conspicitur:
1697 950 1885 1043 quod
1947 951 2112 1018 alter
2169 975 2239 1018 se
2304 975 2576 1019 cernere

426 1065 775 1157 profitetur
793 1116 814 1147 ,
878 1043 953 1131 id
1003 1061 1168 1131 alter
1215 1087 1286 1129 se
1330 1086 1604 1129 cernere
1650 1083 1876 1156 negat:
1939 1064 2105 1134 alter
2143 1064 2324 1132 haud
2372 1064 2573 1133 dubie

423 1178 676 1245 fallitur
696 1230 718 1262 ,
783 1178 905 1247 sed
943 1195 1178 1249 neuter
1222 1179 1464 1246 erroris
1515 1180 1944 1247 convincitur.
2041 1180 2131 1249 At
2176 1203 2314 1247 non
2358 1182 2577 1247 minus

424 1317 657 1362 verum
713 1301 849 1376 est',
917 1292 1104 1388 quod
1156 1290 1341 1360 idem
1388 1292 1802 1361 Reinhardus
1850 1313 2107 1379 monet,
2178 1297 2257 1366 V
2243 1299 2575 1361 ersionem

425 1403 1015 1487 Alexandrinam,
1085 1434 1286 1502 quum
1364 1413 1457 1477 sit
1524 1413 2009 1486 vetustissima,
2089 1433 2212 1477 suo
2282 1409 2574 1502 quodam

428 1530 573 1592 iure
633 1516 980 1618 postulare
1038 1549 1238 1617 posse
1261 1575 1289 1602 ,
1349 1539 1424 1591 ut
1486 1529 1670 1592 inter
1723 1524 2017 1619 reliquos
2083 1540 2292 1592 testes
2348 1530 2572 1617 prima

423 1645 840 1707 sententiam
885 1657 1202 1733 rogetur:
1248 1640 1674 1709 vehementer
1701 1640 1921 1728 falli,
1987 1645 2108 1732 qui
2119 1629 2124 1633 ⁴
2150 1646 2292 1708 eius
2338 1641 2571 1707 lectio-

427 1754 623 1822 nibus
662 1759 792 1849 per
838 1779 1069 1822 omnes
1117 1754 1323 1822 libros
1366 1754 1545 1823 idem
1587 1753 1897 1823 tribuant
1913 1781 1933 1821 .·
2001 1779 2175 1849 quae
2222 1780 2262 1821 e
2306 1756 2569 1823 Penta-

424 1870 664 1937 teuclz'o
731 1870 1110 1949 ducantur,
1165 1875 1474 1939 universe
1513 1855 1897 1965 spectatas,
1962 1875 2269 1963 inprimis
2315 1871 2568 1963 dignas

418 1991 569 2052 'esse
587 2035 615 2062 ,
665 2011 947 2079 quarum
996 1985 1328 2054 habeatur
1373 1990 1592 2054 ratio:
1651 1985 1740 2053 de
1786 1987 2194 2079 reliquorum
2241 1985 2564 2052 IiBrorum

425 2104 504 2173 V
490 2102 869 2171 ersionibus
918 2107 1118 2194 varie
1151 2101 1585 2170 iudicandum
1606 2152 1635 2180 ,
1685 2127 1886 2198 quum
1933 2118 2004 2169 et
2043 2117 2274 2169 aetate
2324 2119 2395 2168 et
2439 2102 2567 2171 In·-

422 2218 791 2310 terpretum
829 2219 1142 2290 sollertia
1182 2202 1603 2312 magnopere
1647 2209 1995 2308 dffirant.
2112 2220 2211 2287 Ita
2254 2216 2370 2284 ille
2412 2236 2570 2309 post

414 2333 583 2401 ‘alios
656 2334 1013 2428 plurimos,
1088 2354 1155 2403 et
1214 2338 1271 2403 si
1337 2326 1647 2430 θεωρίαν
1720 2353 2091 2429 spectamus
2116 2384 2137 2416 ,
2202 2357 2341 2402 non
2398 2331 2565 2400 adeo

417 2471 692 2542 magnus
758 2469 857 2518 est
900 2449 1231 2519 dissensus
1277 2450 1531 2520 Ludov.
1583 2451 1893 2545 Cappelli
1957 2469 2022 2517 et
2073 2450 2167 2517 Io.
2215 2438 2563 2530 Buxtorfii‚

415 2566 708 2658 itemque
779 2565 929 2632 Car.
978 2567 1034 2632 F
1035 2593 1214 2634 rane.
1275 2568 1702 2660 Houbigantii
1778 2585 1843 2633 et
1910 2564 2182 2633 Sebaldi
2239 2564 2420 2632 Ravii
2467 2555 2562 2652 ⁹⁶),

420 2681 583 2770 quin
629 2680 1037 2774 aliquatenus
1086 2682 1174 2780 ad
1223 2682 1647 2750 concordiam
1694 2684 1993 2750 revocari
2024 2682 2308 2774 possint:
2360 2681 2563 2746 simu-

415 2790 640 2887 latque
668 2793 776 2861 ad
824 2788 1080 2890 πρᾶξιν
1125 2817 1392 2867 ventum
1443 2817 1571 2881 est,
1628 2797 1835 2864 iidem
1865 2796 1985 2863 'illi
2025 2798 2098 2863 in
2147 2794 2559 2863 diverssimas

411 2925 634 3000 partes
708 2910 969 2978 abeunt.
1065 2913 1400 2979 Mirumne
1419 2965 1439 2995 ,
1506 2917 1577 2980 si'
1628 2937 1749 3004 ego
1819 2911 2002 3005 quod
2046 2910 2350 2978 omnibus
2397 2929 2558 3000 pro·

412 3025 572 3092 hare
624 3007 855 3119 cupio,
901 3027 1312 3119 paucissimis
1353 3030 1723 3121 probavero
1745 3027 1778 3094 P
2509 3016 2516 3020 ¹

602 3144 759 3216 Fuit
801 3142 933 3210 hoc
980 3140 1166 3225 loco,
1212 3162 1286 3211 ut
1325 3168 1470 3210 rem
1499 3162 1837 3237 repetam,
1887 3160 2097 3242 textus
2123 3141 2555 3235 primigenius

1091 3253 1292 3322 177va
1332 3253 1532 3323 nvi-5⁷2&
1576 3253 1709 3323 ἔτι-τ
1750 3266 1894 3319 um&

409 3361 474 3422 e't
530 3356 808 3423 verbum
856 3381 990 3434 &⁵52
1047 3360 1119 3424 in
1198 3376 1380 3427 textu
1450 3360 1893 3428 Masorethico
1966 3379 2067 3429 est
2136 3359 2551 3455 depravatio,

410 3495 578 3561 quae
652 3496 790 3539 non
836 3473 1101 3568 iniquae
1150 3475 1452 3544 fortunae
1494 3494 1604 3544 aut
1651 3476 1996 3545 socordiae
2048 3476 2360 3561 debetur,
2429 3478 2550 3545 sed

408 3600 593 3658 certo
643 3586 943 3655 consilio.
1039 3589 1223 3657 Haec
1268 3588 1561 3683 legentes
1607 3592 1952 3677 nonnulli,
2002 3618 2168 3687 quos
2217 3591 2549 3661 inauditae

406 3704 763 3769 sententiae
818 3702 1192 3787 oflendunt,
1260 3708 1539 3798 graviter
1596 3709 2115 3801 indignabuntur
2163 3726 2301 3777 aut*
2318 3711 2550 3774 inanes

404 3840 606 3909 nugas
677 3843 713 3882 a
774 3841 880 3885 me
941 3820 1046 3911 agi
1092 3821 1418 3912 putabunt
1455 3824 1593 3888 risu
1643 3826 2085 3917 excipiendas·
2183 3813 2320 3894 Hos
2360 3847 2547 3919 rogo,

400 3949 474 3998 ut
536 3929 837 4000 libellum
908 3951 1190 4029 ponant,
1263 3937 1575 4031 quoniam
1654 3927 2001 4008 discedere
2066 3966 2203 4010 non
2268 3967 2540 4036 possum

446 4207 494 4279 ¹¹)
534 4208 671 4348 Yide
711 4211 826 4264 eius
859 4212 1164 4270 Exercitatt.
1203 4216 1463 4289 philolog.
1511 4218 1577 4272 ad
1613 4219 1791 4279 Caroli
1829 4220 2011 4274 Franc.
2052 4223 2365 4293 HubIgantii
2415 4224 2539 4276 Pro-

569 4312 676 4366 egg.
713 4315 834 4370 pag.
862 4315 980 4354 220.
