3550 5167
1220 529 1735 619 Prolegomena.
2519 531 2564 601 9

417 749 550 798 stae
601 722 933 823 ἀκρισίας
977 728 1383 806 incurreret,
1460 730 1575 819 qui
1623 728 2018 794 Versionem
2067 727 2353 820 aliquam
2402 729 2568 814 anti·

424 867 617 937 quam
653 842 740 909 ad
786 838 1293 933 intelligendum
1342 859 1408 908 et
1450 840 1919 934 corrigendum
1946 844 2403 936 Archetypum
2448 841 2569 908 ad-

413 961 649 1026 hibere
700 956 975 1051 quidem
1022 955 1220 1026 vellet
1238 1007 1259 1039 ,
1329 954 1451 1023 sed
1516 981 1661 1023 eam
1720 960 1906 1050 prius
1975 957 2060 1024 ad
2110 958 2571 1052 Archetypum

399 1070 726 1142 defletam.
829 1071 1006 1157 Quid
1056 1091 1153 1158 est
1216 1074 1435 1153 enim,
1511 1090 1704 1140 testes
1755 1090 2221 1167 corrumpere,
2283 1096 2569 1165 eosque,

414 1208 489 1257 ut
533 1213 672 1256 non
721 1213 912 1255 suum
962 1205 1027 1255 et
1075 1190 1407 1255 sincerum
1458 1185 1578 1256 sed
1619 1189 2020 1281 ¹imperatum
2060 1188 2569 1280 simulatumque

418 1306 868 1372 testimonium
929 1301 1154 1371 dicant
1219 1328 1491 1396 cogere,
1559 1306 1615 1369 si
1677 1306 1808 1370 hoc
1865 1327 2003 1371 non
2064 1304 2203 1371 est?
2269 1300 2571 1371 Concedi

407 1421 679 1488 omnino
719 1418 922 1488 debet
951 1417 1337 1486 emendatio
1389 1435 1652 1500 mutua,
1704 1445 1836 1512 qua
1876 1421 2081 1487 textui
2107 1414 2364 1486 Graeco
2409 1418 2569 1485 sub-

412 1535 631 1601 veniat
680 1534 1048 1601 Hebraicus
1066 1585 1087 1617 ,
1130 1534 1460 1601 Hebraico
1510 1533 1805 1601 Graecus
1825 1585 1846 1616 ,
1897 1533 2021 1601 sed
2070 1535 2298 1627 inique
2347 1511 2567 1626 agunt,

403 1651 534 1741 :qui
601 1647 850 1741 ubique
901 1649 1294 1715 Hebraicam
1315 1698 1336 1731 ,
1396 1650 1461 1714 h.
1514 1674 1572 1715 e.
1634 1648 1972 1718 Iudaicam
2034 1651 2374 1719 veritatem
2422 1672 2569 1714 cre·

401 1780 604 1857 pant,
657 1780 724 1832 et
765 1762 1035 1830 Graecis
1080 1766 1606 1858 quotiescunque
1657 1763 2069 1857 discrepant,
2121 1766 2335 1832 statim
2380 1784 2577 1831 erro-‘

399 1879 500 1943 -ris
515 1928 537 1959 ,
607 1879 1012 1970 ignorantiae
1039 1929 1061 1960 ,
1128 1881 1506 1946 temeritatis
1526 1931 1549 1961 ,
1626 1877 1926 1947 libidinis
1993 1899 2219 1948 notam
2275 1877 2565 1947 inurunt.

397 1993 490 2060 At
554 1991 714 2061 nolo
770 2017 952 2059 nunc
1019 1991 1300 2085 copiose'
1357 1993 1682 2062 disserere
1762 1993 1850 2061 de
1924 2015 2152 2064 mutua
2221 1998 2566 2090 utriusque

403 2126 614 2175 textus
665 2106 1068 2175 emendandi
1115 2110 1368 2176 ratione
1392 2160 1414 2191 ,
1489 2112 1744 2206 quippe
1812 2134 1981 2203 quae
2028 2136 2136 2178 res
2188 2110 2398 2205 qualis
2442 2113 2564 2192 sit,

399 2240 687 2315 quantae
734 2225 1083 2306 ubertatis,
1148 2224 1268 2291 sed
1316 2244 1381 2292 et
1435 2228 1790 2309 cautionis,
1865 2228 2115 2319 optime
2173 2244 2395 2320 potest
2443 2224 2564 2292 de-

397 2338 758 2405 monstrari
813 2341 1006 2407 certis
1058 2358 1124 2407 et
1169 2339 1631 2432 probabilibus
1682 2341 2020 2434 exemplis.
2119 2341 2290 2408 Nam
2329 2337 2563 2434 prolu-

395 2453 600 2519 sionis
652 2472 906 2522 tantum
952 2456 1156 2548 gratia
1200 2473 1266 2522 et
1313 2454 1491 2523 velut
1538 2480 1861 2549 suspenso
1911 2456 2161 2525 calamo
2206 2456 2377 2550 haec
2424 2452 2563 2521 dis-

395 2570 652 2659 putavi,
704 2567 792 2634 ad
837 2567 1293 2636 instruendam
1338 2596 1519 2654 rem,
1566 2570 1651 2639 de
1707 2599 1840 2666 qua
1887 2574 2000 2642 hic
2049 2587 2244 2667 agere
2295 2594 2560 2639 mecum

395 2700 882 2749 consutueram.

589 2797 699 2868 Ad
727 2799 1118 2867 Psalterium
1168 2804 1346 2872 enim
1388 2803 1572 2869 LXX
1624 2804 1773 2870 Intt.
1822 2806 2053 2872 critico
2105 2803 2325 2873 studio
2375 2802 2559 2869 subi-

388 2908 683 3001 gendum
715 2938 792 2981 ac
839 2914 1383 3006 pertractandum
1433 2916 1688 3010 aliquot
1736 2920 1983 2986 abhinc
2029 2920 2216 2985 annis
2266 2919 2557 2984 animum

389 3024 803 3095 adieceram:
849 3032 1095 3123 copias
1145 3029 1600 3100 Holmesianas
1645 3032 1851 3100 semel
1900 3037 2274 3127 iterumque
2324 3056 2556 3100 excus-

389 3165 641 3224 seram,
698 3163 771 3212 ut
818 3143 1110 3239 aliquam
1159 3171 1311 3213 cum
1360 3147 1646 3224 CXXIX
1692 3146 1888 3217 MSS.
1933 3148 2203 3216 Graecis
2249 3148 2551 3218 Psalterii

384 3255 823 3325 Alexandrini
869 3260 1375 3333 familiaritatem
1419 3264 1913 3333 contraherem:
1965 3263 2384 3333 collationem
2430 3262 2551 3331 ad-

386 3367 691 3440 dideram
747 3373 1048 3442 Psalterii
1098 3375 1354 3445 Graeco
1377 3379 1639 3443 -Latini
1686 3381 2046 3472 pervetusti
2098 3406 2134 3446 a
2183 3380 2311 3446 Ios
2332 3380 2546 3473 epho

382 3483 586 3550 Blan
606 3487 806 3553 chin
827 3512 867 3557 o
951 3491 1022 3557 in
1085 3488 1412 3560 vindiciis
1477 3494 1968 3561 Canonicarum
2051 3493 2544 3587 Scripturarum

383 3596 583 3682 editi,
649 3605 833 3671 cuius
884 3605 1207 3674 rationem
1268 3608 1523 3675 nullam
1582 3611 1815 3678 habuit
1868 3609 2106 3677 Editor
2159 3611 2542 3676 Britannus:

379 3714 737 3785 Versiones
785 3720 982 3803 item,
1032 3722 1368 3806 Latinam,
1421 3723 1581 3810 (vel
1631 3727 1689 3792 si
1735 3728 1938 3793 mavis
1985 3723 2327 3811 Latinas,)
2376 3724 2544 3791 Ara-

378 3827 637 3913 bicam,
701 3832 1197 3932 Aethiopicam,
1262 3829 1542 3932 quarum
1606 3865 1859 3933 paucae
1918 3859 2170 3908 tantum
2222 3839 2541 3907 lectiones

375 3944 449 4010 in
487 3967 692 4037 opere
726 3946 1093 4041 Anglicano
1137 3971 1491 4046 excerptae
1527 3972 1713 4036 sunt,
1759 3952 1982 4021 debita
2025 3981 2181 4022 cura
2229 3957 2302 4021 in
2349 3978 2542 4022 usum

380 4080 867 4146 converteram,
931 4064 1059 4132 nec
1112 4067 1569 4161 Metaphrasin
1626 4069 2027 4162 Apollinarii
2088 4069 2540 4164 neglexeram,

378 4175 562 4246 cuius
605 4177 854 4264 utiliter
903 4180 975 4246 in
1024 4180 1395 4251 subsidium
1442 4183 1778 4251 vocandae
1819 4185 2197 4279 exemplum
2236 4186 2536 4280 praeive-

375 4306 533 4357 runt
577 4290 883 4365 Editores
931 4293 1248 4369 Romani:
1310 4316 1450 4400 tum
1497 4298 1842 4370 Editiones
1889 4301 2232 4398 principes
2251 4352 2274 4386 ,
2335 4299 2536 4370 Com-
