3550 5167
1005 532 1095 600 26
1853 528 2028 595 Gen.
2082 529 2195 604 II,
2237 528 2305 597 3.

998 751 1118 794 suo
1167 727 1541 793 invenerint
1560 774 1583 808 ,
1633 722 2064 795 consideratis
2113 724 2280 794 locis
2326 722 2661 819 parallelis
2713 727 2879 819 Cap.
2927 724 3014 809 6,
3074 730 3143 794 1:

996 833 1375 935 ἤρξαντο
1424 838 1497 906 οἱ
1546 829 1915 934 ἄνθρωποι
1962 835 2229 909 πολλοὶ
2271 835 2658 930 γίνεσθαι,
2711 844 2836 919 10,
2880 843 2962 912 8:
3004 830 3147 931 ἥρ·-

992 948 1215 1036 ξατο
1257 945 1445 1024 εἶναι
1476 949 1671 1046 γίγας
1705 949 1826 1022 ἐπὶ
1849 958 1975 1035 τῆς
2003 957 2150 1047 γῆς,
2209 962 2321 1038 11,
2364 954 2442 1024 6:
2491 946 2893 1049 ἤρξαντο
2940 954 3148 1033 ποιῆ-

995 1093 1162 1155 σαι,
1209 1067 1329 1153 41,
1374 1066 1502 1139 54:
1551 1061 1885 1168 ἤρξατο
1933 1120 1954 1141 .
2004 1122 2021 1136 .
2070 1062 2464 1166 ἔρχεσθαι,
2513 1072 2584 1138 it.
2632 1074 2826 1140 Deut.
2880 1072 2967 1155 3,
3020 1066 3141 1139 24:

992 1185 1089 1254 σὺ
1134 1175 1346 1279 ἤρξω
1410 1177 1644 1267 δεῖξαι
1693 1240 1711 1259 .
1761 1235 1780 1251 .
1832 1236 1849 1254 .
1898 1182 2033 1280 τὴν
2099 1182 2340 1279 ἰσχύν·
2392 1205 2531 1252 σου
2575 1183 2735 1259 κτλ.
2834 1187 2929 1256 IV
2975 1188 3142 1280 Reg.

996 1302 1119 1383 15,
1169 1302 1294 1371 37:
1342 1289 1670 1396 ἤρξατο
1697 1300 1949 1398 κύριος
1988 1286 2549 1384 ἐξαποστέλλειν
2589 1320 2657 1368 et
2701 1303 2796 1369 sic
2823 1325 3048 1395 porro.
3080 1295 3143 1393 *)

982 1417 1465 1510 Argumentum
1511 1440 1697 1484 meae
1738 1419 2098 1485 sententiae
2162 1416 2447 1485 tuendae
2494 1440 2633 1484 non
2676 1414 2858 1483 aliud
2902 1418 3140 1500 habeo,

989 1554 1186 1623 quam
1239 1528 1425 1622 quod
1470 1529 1693 1600 multis
1726 1529 2061 1599 videbitur
2091 1530 2531 1614 levissimum,
2583 1530 3141 1599 consuetudinem

985 1642 1454 1712 Alexandrini
1504 1651 1894 1739 interpretis
1963 1650 2134 1713 satis
2204 1661 2676 1722 constantem,
2738 1671 2907 1738 quae
2978 1671 3146 1715 con-

986 1761 1218 1827 stantia
1263 1761 1319 1827 si
1358 1762 1604 1854 passim
1650 1759 2068 1830 desideretur
2126 1764 2198 1828 in
2247 1759 2413 1829 locis
2464 1762 2979 1829 intricatioribus
3029 1779 3140 1829 aut

982 1872 1153 1941 male
1202 1874 1485 1958 affectis,
1548 1900 1698 1946 raro
1750 1873 1862 1945 aut
1907 1870 2248 1971 nunquam
2293 1875 2518 1945 deficit
2565 1877 2637 1942 in
2689 1899 2942 1942 summa
2988 1898 3139 1943 ver-

980 1990 1222 2058 borum
1276 1991 1761 2058 Hebraicorum
1820 1990 2236 2084 simplicitate
2299 2010 2411 2058 aut
2468 1991 2958 2084 perspicuitate.
3056 1987 3137 2053 In

977 2102 1236 2197 legibus
1287 2124 1505 2173 autem
1524 2156 1546 2188 ,
1598 2106 1840 2199 quibus
1888 2106 2287 2174 Versionum
2337 2106 2758 2197 antiquarum
2796 2085 2951 2172 usus
3003 2121 3136 2172 tam

980 2222 1245 2293 criticus
1310 2243 1512 2313 quam
1571 2220 2102 2289 hermeneuticus
2169 2216 2612 2309 adstringatur
2674 2242 2946 2285 necesse
3003 2234 3135 2298 est,

976 2336 1425 2427 principatum
1470 2334 1665 2403 facile
1706 2354 1888 2403 tenet
1935 2328 2048 2415 ea}
2110 2357 2243 2426 qua
2295 2334 2422 2401 viri
2473 2331 2654 2399 docti
2700 2349 3132 2399 monuerunt:

981 2471 1123 2513 non
1184 2446 1436 2515 debere
1498 2450 1774 2540 singula
1838 2446 2305 2516 tantummodo
2375 2447 2905 2514 translationum
2950 2462 3134 2513 vete-

977 2588 1125 2629 rum
1182 2563 1335 2629 loca
1402 2578 1652 2631 temere
1714 2564 2039 2657 decerpta
2101 2587 2266 2634 cum.
2308 2577 2500 2628 textu
2547 2585 2745 2628 sacro
2796 2564 3129 2649 conferri,

974 2676 1105 2745 sed
1157 2683 1549 2773 priusquam
1617 2680 1769 2747 illas
1839 2680 1972 2748 vel·
2012 2670 2460 2744 emendandis
2533 2678 2640 2744 vel
2660 2686 2674 2712 ⁸
2702 2674 3131 2743 illustrandis

973 2793 1298 2862 librorum
1345 2793 1728 2861 divinorum
1778 2795 1943 2861 locis
1986 2790 2517 2886 impeditioribus
2554 2790 2921 2885 adhibeas,
2971 2794 3128 2856 uni-

975 2933 1236 2976 versum
1296 2932 1529 2977 earum
1591 2915 1948 3003 ingenium
2016 2912 2316 2975 curatius
2384 2906 2917 2974 examinandum
2980 2928 3129 2971 esse

971 3047 1056 3091 ac
1120 3024 1673 3103 diiudicandum,
1761 3042 1839 3093 ut
1919 3048 2119 3120 quam
2183 3028 2400 3091 secuti
2447 3026 2737 3111 fuerint
2809 3034 3123 3084 auctores

972 3141 1479 3230 interpretandi
1547 3147 1892 3209 rationem
1958 3163 2335 3231 cognoscas
2394 3142 2797 3230 penitusque
2862 3135 3123 3224 perspi·

971 3257 1114 3318 cias
1135 3250 1247 3338 *Ἴ
1345 3257 1599 3323 Verum
1625 3255 1901 3349 quidem
1935 3274 2069 3341 est,
2111 3258 2184 3321 in
2218 3252 2486 3320 Iudaica
2516 3250 2905 3318 recensione
2946 3249 3123 3314 Pen-

968 3369 1257 3437 tateuchi
1304 3371 1524 3437 omnia
1572 3370 1780 3437 oculis
1813 3372 2054 3437 nostris
2090 3370 2358 3450 subiici,
2410 3385 2483 3434 ut
2511 3388 2706 3432 nemo
2737 3365 2865 3431 nisi
2893 3362 3118 3432 luscus

967 3501 1080 3550 aut
1123 3507 1354 3552 caecus
1405 3483 1693 3578 aliquam
1739 3483 2043 3552 voculam
2089 3481 2582 3576 praetervidere
2630 3483 2878 3576 possit:
2957 3502 3117 3545 con-

963 3616 1065 3665 tra
1111 3622 1268 3668 vero
1321 3599 1487 3692 quid
1532 3598 1722 3668 LXX
1768 3601 1843 3665 in
1873 3622 1992 3667 suo
2029 3597 2282 3667 Codice
2314 3598 2520 3666 Hebr.
2557 3596 2841 3692 legerint
2866 3596 3116 3662 nemini

1008 3843 1057 3914 ¹¹)
1095 3844 1414 3913 conspirare
1445 3843 1659 3897 videtur
1693 3842 2034 3896 Hebraismus
2071 3845 2130 3897 in
2169 3844 2253 3897 his
2291 3844 2535 3898 formulis
2573 3860 2692 3895 cum
2720 3843 3023 3896 Graecitate
3057 3845 3115 3890 et
3224 3841 3230 3847 ’

1098 3927 1415 3994 Latinitate,
1451 3930 1604 3983 cuius
1643 3932 1722 3983 rei
1757 3948 1939 3984 causas
1970 3932 2060 3984 hic
2092 3948 2203 3985 non
2239 3931 2693 4000 investigabimus.
2764 3929 2968 3981 Placuit
2998 3927 3112 3976 Ko-

1098 4014 1284 4069 beleth
1319 4017 1606 4084 ἑλληνίζων
1644 4019 1773 4071 olim
1825 4019 1939 4072 viro
1991 4019 2151 4073 docto
2190 4021 2256 4074 G.
2297 4019 2466 4072 zirkel
2490 4058 2504 4083 ,
2560 4018 2648 4072 vix
2684 4032 2917 4086 unquam
2951 4013 3109 4065 alicui

1097 4101 1334 4171 placebit
1366 4106 1545 4158 Moses
1582 4105 1887 4174 ἑλληνίζων.

987 4216 1058 4284 ⁹¹)
1098 4212 1185 4264 Sic
1218 4216 1419 4283 optime
1443 4218 1697 4270 Winerus
1733 4217 1803 4269 de
1838 4218 2117 4272 versionis
2150 4208 2496 4271 Pentateuchi
2531 4214 2892 4269 Samaritanae
2924 4206 3107 4264 indole

1090 4301 1233 4374 Lips.
1275 4305 1434 4372 1817,
1469 4320 1586 4373 pag.
1622 4321 1638 4354 ι
1673 4314 1728 4357 et
1752 4321 1799 4357 a.
