3550 5167
953 601 1002 672 4
1714 605 1824 674 De
1874 601 2364 706 Parallelg‘smO.

1152 800 1494 893 Legimus,
1548 817 1622 867 ut
1672 798 1974 867 consulto
2019 797 2316 866 omittam
2358 793 2608 862 librum
2651 793 3009 876 Geneseos,
3057 795 3130 859 in
3233 819 3239 827 ¹

952 917 1296 986 vocatione
1346 916 1554 982 Mosis
1602 915 1721 981 Ex.
1772 911 1843 996 4,
1895 915 1940 982 3
1993 938 2177 1007 sqq.:
2229 904 2475 999 Ῥίψον
2529 907 2766 989 αὐτὴν
2815 905 2937 980 ἐπὶ
2986 904 3126 986 τὴν

956 1030 1081 1123 γῆν
1131 1024 1257 1097 καὶ
1304 1012 1595 1127 ἕῤῥιψεν
1648 1025 1881 1107 αὐτὴν
1930 1023 2050 1096 ἐπὶ
2097 1023 2231 1105 τὴν
2272 1028 2420 1118 γῆν.
2520 1028 2714 1095 Mox:
2763 1019 3130 1094 Ἔκτεινον

956 1142 1091 1223 τὴν
1155 1143 1412 1238 χεῖρα,
1469 1139 1595 1211 καὶ
1659 1138 2017 1237 ἐπιλαβοῦ
2082 1145 2206 1222 τῆς
2271 1138 2580 1246 κέρκον.
2619 1136 2939 1221 ἐκτείνας
3001 1132 3131 1210 οὖν

955 1254 1089 1339 τήν
1150 1262 1376 1357 χεῖρα
1451 1253 1848 1351 ἐπελάβετο
1896 1260 2020 1338 τῆς
2068 1253 2344 1352 κέρκου.
2445 1260 2650 1326 Item:
2706 1254 3131 1349 Εἰσένεγκον

956 1372 1091 1454 τὴν
1137 1370 1360 1471 χεῖρά
1409 1395 1548 1441 σου
1590 1371 1687 1451 εἰς
1728 1367 1866 1441 τὸν
1915 1368 2190 1441 κόλπον
2237 1392 2393 1441 σου·
2444 1368 2570 1440 καὶ
2603 1370 2956 1464 εἰσήνεγκε
2997 1368 3134 1451 τὴν

959 1491 1181 1586 χεῖρα
1231 1488 1466 1555 αὐτοῦ
1509 1487 1609 1566 εἰς
1656 1484 1792 1557 τὸν
1831 1483 2106 1556 κόλπον
2157 1481 2427 1556 αὐτοῦ·
2479 1515 2648 1584 quae
2698 1489 2903 1556 verba
2946 1514 3128 1558 com-

960 1607 1152 1674 matis
1199 1607 1360 1671 sexti
1427 1606 1619 1671 etiam
1673 1606 1979 1697 proximo
2036 1624 2357 1672 commate
2403 1606 2682 1699 septimo
2731 1603 2965 1671 eadem
3009 1624 3134 1671 πε-

963 1713 1399 1815 ρισσολογία
1489 1719 1863 1813 eodemque
1948 1719 2186 1787 ordine
2256 1739 2323 1788 et
2369 1746 2648 1788 numero
2714 1737 3131 1814 repetuntur,

961 1855 1037 1904 ut
1074 1836 1244 1903 nihil
1295 1835 1467 1903 desit
1516 1835 1601 1902 ad
1643 1835 2015 1929 perfectam
2060 1838 2591 1903 concinnitatem.

1158 1949 1238 2016 In
1284 1949 1435 2018 loco
1484 1950 1517 2016 I
1560 1952 1714 2043 Reg.
1765 1943 2155 2040 (Samuelis)
2205 1952 2330 2033 25,
2378 1953 2465 2019 13
2511 1951 2853 2017 Hebraeus
2896 1949 3133 2017 habet:

880 2111 884 2122 ·
969 2067 1246 2158 Cingite
1299 2069 1751 2159 unusquisque
1800 2064 2107 2156 gladium
2143 2090 2367 2130 suum:
2420 2082 2488 2132 et
2528 2071 2897 2134 cinxerunt
2931 2091 3136 2133 unus-

964 2186 1274 2274 quisque*
1292 2178 1598 2271 gladium
1646 2205 1875 2255 suum,
1925 2181 2042 2245 ubi
2079 2163 2372 2247 Graecus
2423 2198 2635 2247 textus
2688 2161 3138 2275 perturbetio-

961 2320 1119 2362 nem
1165 2321 1395 2389 passus
1444 2313 1565 2365 est.
1663 2295 1932 2361 Ibidem
1978 2295 2142 2388 Cap.
2194 2295 2307 2363 30.
2362 2299 2403 2364 7
2459 2296 2664 2362 Hehr.
2716 2315 2781 2363 et
2843 2296 3137 2364 Graecus

964 2412 1186 2496 (certe
1237 2413 1309 2475 in
1360 2409 1561 2475 Editt.
1613 2409 2079 2502 Complutensi
2146 2428 2212 2475 et
2261 2409 2660 2495 Grebiana):
2706 2407 3139 2507 Προσάγαγε

962 2519 1055 2592 τὸ
1129 2515 1396 2617 ἐφούδ·
1464 2518 1589 2589 καὶ
1645 2523 2093 2620 προσήγαγεν
2141 2505 2502 2621 Ἀβιάθαρ
2550 2521 2642 2592 τὸ
2696 2518 2931 2621 ἐφούδ
2978 2524 3139 2594 κτλ.

961 2640 1133 2706 Item
1183 2640 1849 2731 111.Reg.13,13:
1916 2632 2365 2720 Ἐπισάξατέ
2412 2663 2536 2729 μοι
2580 2638 2718 2710 τὸν
2770 2633 2968 2711 ὄνον·
3019 2637 3145 2709 καὶ

970 2746 1338 2835 ἐπέσαξαν
1398 2754 1598 2845 αὐτῷ
1655 2750 1791 2822 τὸν
1835 2776 2023 2823 ονον.
2122 2757 2210 2822 Et
2257 2757 2352 2825 IV
2400 2758 2557 2850 Reg.
2604 2758 2682 2838 9,
2728 2758 2855 2826 33:
2922 2753 3143 2824 Κυλί-

967 2889 1156 2935 σατε
1208 2869 1471 2950 αὐτήν·
1514 2865 1639 2936 καὶ
1681 2868 2032 2939 εκύλισαν
2069 2870 2320 2951 αὐτήν.
2413 2870 2887 2966 cap.1o,14:
2943 2875 3145 2942 Com-

965 2985 1374 3077 prehendite
1447 3011 1563 3051 eos
1635 2990 1852 3053 vivos:
1917 3003 1986 3053 et
2054 2987 2715 3084 comprehenderunt
2773 3013 2890 3053 eos
2942 2993 3142 3054 vivos,

966 3100 1230 3167 Ibidem
1288 3103 1543 3184 13,15
1587 3128 1765 3195 sqq:
1813 3099 2019 3197 Λάβε
2065 3096 2283 3185 τόξον
2329 3099 2454 3170 καὶ
2503 3098 2705 3195 βέλη·
2753 3095 2877 3167 καὶ
2930 3092 3143 3193 ε’λαβε

1108 3264 1124 3279 .
1191 3208 1406 3295 τόξον
1464 3211 1589 3282 καὶ
1654 3211 1846 3308 βέλη.
1948 3220 2109 3284 Mox
2171 3210 2650 3310 Ἐπιβίβασον
2720 3211 2855 3292 τὴν
2924 3238 3145 3311 χειρα

968 3347 1109 3394 σου
1158 3377 1173 3393 .
1226 3380 1242 3394 .
1289 3379 1304 3394 .
1383 3325 1507 3392 καὶ
1557 3324 1990 3423 ἐπεβίβασεν
2032 3328 2166 3409 τὴν
2214 3333 2437 3425 χεῖρα
2490 3329 2767 3415 αὐτοῦ,
2826 3357 2903 3399 ac
2954 3330 3145 3397 dein-

970 3467 1165 3535 ceps:
1216 3434 1541 3522 ’Άνοιξον
1594 3492 1609 3506 .
1662 3493 1676 3507 .
1728 3439 1854 3508 καὶ
1913 3435 2140 3524 ἤνοιξε
2191 3495 2205 3509 .
2254 3498 2269 3514 .
2342 3437 2744 3525 Τόξευσον·
2805 3442 2930 3512 καὶ
2976 3442 3143 3513 ἐτό-

967 3548 1176 3638 ξευσε
1219 3603 1236 3621 .
1287 3604 1303 3620 .
1355 3549 1741 3637 Πάταξον·
1792 3553 1917 3623 καὶ
1967 3552 2324 3639 ἐπάταξεν
2376 3555 2531 3626 κτλ.

1169 3668 1500 3737 Addimus
1567 3670 1793 3738 locum
1854 3699 2061 3740 unum
2140 3693 2207 3744 et
2273 3676 2553 3743 alterum
2618 3700 2699 3742 ex
2771 3673 3142 3767 Prophetis.

968 3787 1173 3854 Zach.
1213 3785 1281 3866 3,
1333 3787 1410 3852 5:
1457 3778 1796 3852 Ἐπίὲετε
1855 3776 2142 3883 κίδαριν
2178 3784 2519 3885 καθαρὰν
2569 3782 2687 3854 ἐπὶ
2739 3784 2869 3864 τὴν
2918 3794 3147 3880 κεφα-

972 3897 1107 3979 λὴν
1159 3899 1425 3995 αὐτοῦ·
1486 3896 1612 3966 καὶ
1678 3897 2041 3981 ἐπέθηκαν
2100 3894 2389 3999 κίδαριν
2452 3898 2793 3998 καθαρὰν
2842 3897 2959 3967 ἐπὶ
3008 3896 3144 3978 τὴν

972 4013 1300 4112 κεφαλὴν
1371 4014 1607 4082 αὐτοῦ
1653 4015 1810 4089 κτλ.
1914 4019 2076 4113 Cap.
2128 4019 2206 4103 6,
2252 4024 2326 4090 7:
2383 4010 2942 4116 ,Περιοδεύσατε
3011 4011 3145 4092 τὴν

974 4132 1134 4222 γῆν·
1177 4125 1303 4196 καὶ
1348 4121 1839 4225 περιώδευσαν
1888 4131 2021 4211 τὴν
2061 4137 2204 4225 γῆν.
2259 4137 2498 4203 Ezeeh.
2535 4136 2604 4214 8,
2634 4136 2678 4201 5
2709 4158 2887 4225 sqq.:
2937 4124 3147 4197 Ἀνά-

974 4240 1253 4341 βλεψον
1308 4247 1466 4324 τοῖς
1518 4246 1951 4341 ὀφθαλμοῖς
1998 4272 2139 4317 σου
2185 4247 2364 4343 πρὸς
2413 4247 2738 4347 Βοῤῥᾶν·
2811 4240 2936 4313 καὶ
2984 4240 3148 4313 ἀνέ-

973 4356 1223 4454 βλεψα
1261 4362 1421 4440 τοῖς
1471 4360 1901 4459 ὀφθαλμοῖς
1941 4387 2086 4456 μου
2116 4360 2293 4461 πρὸς
2332 4356 2639 4461 Βοῤῥᾶν.
2739 4360 2944 4431 Paulo
2976 4360 3145 4429 infe·
