3550 5167
600 1407 718 1474 Est
778 1408 848 1473 in
910 1404 1115 1486 libris,
1168 1406 1369 1472 saeris
1433 1402 1770 1499 peculiare
1837 1428 2047 1500 genus
2097 1407 2575 1484 Parallelismi,

413 1516 596 1616 quod
644 1524 715 1588 in
768 1545 999 1588 eorum
1048 1522 1597 1615 interpretatione
1643 1548 1679 1587 a
1721 1521 2370 1592 Commentatorihus
2418 1548 2579 1617 pro-

409 1623 607 1730 spero
660 1662 970 1705 successu
1021 1635 1375 1703 adhibetur
1400 1631 1505 1725 *):
1549 1637 1621 1702 in
1672 1660 1747 1702 re
1802 1638 2073 1718 critica,
2116 1662 2266 1712 meo
2302 1637 2580 1733 quidem

406 1750 698 1834 iudicio,
772 1750 1072 1819 nondum
1132 1753 1286 1818 satis
1352 1753 1747 1844 agnoscitur.
1852 1751 2098 1835 Quale„
2131 1754 2261 1826 iam
2324 1755 2578 1848 signifi-

408 1891 554 1934 cem
578 1917 599 1949 ,
664 1865 1044 1960 exemplum
1101 1865 1336 1933 melius
1387 1865 1660 1933 docebit
1684 1914 1707 1951 ‚
1772 1891 1973 1959 quam
2025 1867 2283 1938 subtilis
2337 1868 2574 1936 defini-

408 1982 519 2050 tio.
619 1984 783 2062 Fiat
825 1984 984 2070 lux,
1026 1984 1246 2070 facta
1306 1996 1412 2047 est
1483 1981 1621 2048 lux.
1721 1979 1969 2052 Iisdem
2012 1983 2233 2066 verbis
2251 2034 2271 2065 ,
2332 1986 2575 2077 quibus

408 2096 759 2163 decretum
805 2099 933 2183 Dei
984 2097 1376 2190 exponitur,
1442 2098 1641 2163 etiam
1685 2093 1941 2172 decreti
1986 2096 2254 2185 effectio
2304 2101 2584 2192 exponi-

409 2230 516 2280 tur
565 2209 682 2298 **).
786 2212 900 2281 Sic
961 2237 1088 2305 per
1150 2211 1363 2280 libros
1409 2193 1708 2306 'quidem
1773 2213 2125 2280 historicos
2176 2213 2580 2308 frequentis-

410 2329 593 2398 sime.
696 2329 931 2414 Iussit,
996 2325 1368 2409 mandavit,
1431 2330 1818 2421 praecepit,
1881 2331 2302 2422 praeparavit
2348 2329 2589 2422 aliquis

414 2466 561 2510 rem
610 2442 1187 2540 qualemcunque.
1258 2424 1626 2536 scriptores
1680 2442 1996 2509 Hebraici
2066 2443 2252 2537 quod
2311 2445 2594 2537 praesti-

416 2575 555 2625 tum
606 2576 1127 2658 peractumque
1134 2560 1253 2641 sit,
1298 2560 1387 2626 ita
1431 2560 1777 2625 enuntiare
1829 2577 2089 2639 amant,
2139 2578 2212 2626 ut
2258 2558 2457 2651 longe
2508 2559 2591 2626 ab

416 2670 701 2765 eleganti
748 2674 1103 2742 variatione
1158 2673 1427 2740 easdem
1472 2672 1879 2755 locutiones,
1931 2675 2175 2766 quibus
2211 2674 2416 2741 modo
2449 2674 2595 2741 fue-

417 2805 567 2854 rant
615 2785 754 2869 usi,
804 2767 1231 2882 simpliciter
1244 2807 1568 2882 repetant.

615 2902 1096 2995 Exemplorum
1136 2905 1332 2972 huius
1386 2901 1883 2971 consuetudinis
1930 2921 2027 2969 est
2074 2905 2308 2995 ingens
2359 2927 2594 2970 nume-

420 3044 569 3101 rus,
625 3042 1030 3112 quamquam
1071 3043 1210 3085 non
1261 3020 1556 3086 omnium
1610 3016 1846 3084 eadem
1890 3018 2078 3084 ratio.
2180 3018 2437 3085 Iuvabit
2485 3019 2597 3085 hic

420 3159 632 3226 pauca
704 3145 956 3201 tantum
1034 3152 1099 3200 et
1152 3133 1496 3214 breviora,
1573 3150 1769 3225 atque
1849 3131 1966 3197 uhi
2043 3130 2211 3200 nihil
2286 3135 2597 3216 interest,

425 3247 682 3315 Graece
710 3233 954 3343 ‘potius
1004 3265 1115 3317 aut
1161 3235 1425 3332 Latine,
1477 3272 1679 3343 quam
1730 3248 2061 3315 Hebraice
2109 3271 2384 3341 ponere.

478 3506 527 3576 *)
561 3505 642 3557 De
677 3503 1041 3558 parallelum
1089 3505 1150 3558 in
1196 3504 1508 3556 universum
1548 3503 1771 3574 eiunque
1811 3501 1975 3553 varii·
2027 3491 2314 3571 generibus
2365 3509 2421 3553 et
2452 3504 2598 3554 omni

562 3609 661 3644 usu
710 3593 1108 3644 hermeneutico
1153 3602 1317 3662 atque
1364 3593 1549 3643 critico
1585 3591 1677 3641 hie
1708 3606 1845 3659 ‘non
1881 3589 2087 3658 agitur,
2139 3597 2332 3660 estque
2388 3605 2454 3640 ea
2511 3605 2596 3640 res

559 3695 782 3747 maguae
804 3679 1191 3748 amplitudinis,
1210 3696 1313 3730 nee
1338 3678 1558 3731 deficiet
1583 3677 1851 3740 materies,
1889 3677 2132 3745 quamvis
2160 3691 2321 3745 saepe
2354 3682 2595 3739 tractata,

565 3766 776 3821 futuros
811 3766 1110 3836 scriptores.
1182 3766 1291 3836 Qui
1328 3783 1503 3836 nuper
1536 3764 1682 3833 apud
1722 3781 1821 3815 nos
1863 3764 2085 3815 Batavos
2117 3761 2183 3816 de
2213 3761 2599 3824 Parallelismo

562 3854 918 3908 membrorum
968 3855 1030 3906 in
1085 3855 1210 3907 Iesu
1266 3852 1475 3907 Christi
1527 3849 1693 3905 dictis
1761 3849 2104 3904 observando
2156 3847 2399 3917 scripsit,
2462 3848 2532 3899 Ia
2551 3864 2596 3901 c.

565 3941 826 3993 Iulian.
864 3938 1155 3994 Snouek
1200 3940 1630 4007 Hurgronje,
1666 3937 1901 3987 Traiecti
1947 3937 2111 4000 1836,
2148 3937 2193 3986 is
2227 3934 2597 3986 hermeneuti-

562 4046 685 4081 cum
731 4046 885 4080 usum
939 4028 1277 4098 potissimum
1315 4026 1690 4097 persequitur,
1738 4023 1838 4074 sed
1883 4023 2126 4075 criticum
2162 4039 2381 4094 quoque
2418 4021 2601 4094 tetigit

567 4124 625 4169 et
657 4116 869 4187 aliquot
908 4114 1172 4185 exemplis
1209 4130 1276 4167 ex
1312 4114 1377 4172 V.
1413 4113 1480 4168 T.
1522 4111 1709 4182 petitis
1745 4110 2055 4163 illustravit.

462 4211 535 4282 ’ἢ
576 4210 721 4262 Illud
758 4211 1065 4263 Ambrosius
1098 4218 1254 4261 vocat
1291 4206 1672 4283 definitionem
1703 4205 2141 4277 praeceptionis,
2174 4204 2279 4258 hoc
2313 4206 2600 4275 repetitum

568 4299 949 4368 operationis,
986 4298 1225 4367 itemque
1251 4296 1389 4350 illud
1430 4294 1728 4360 indicium,
1770 4291 1874 4346 hoe
1908 4291 2166 4364 fictum.
