3550 5167
1009 531 1108 604 34
1841 511 2240 600 Paradisaeis.

896 723 899 728 ’
1004 725 1143 822 μός
1206 719 1288 797 δὲ
1331 722 1803 823 ἐκπορεύεται
1866 718 1951 807 ἐξ
2023 717 2165 793 Ἐδ
2181 722 2217 792 έ
2227 745 2316 815 μ,
2377 724 2669 804 Flumen
2732 740 2960 793 autem
3003 730 3172 794 exiit
3199 801 3232 818 „,

1013 841 1203 939 [imo
1277 849 1460 919 exit,
1533 840 1640 909 vel
1701 860 1775 909 ut
1836 842 2068 907 Ambr.
2114 829 2477 933 procedit]
2524 840 2611 907 de
2653 839 2871 908 Eden.
2970 842 3054 909 ld
3101 861 3176 911 ut

1004 962 1466 1055 unusquisque
1514 956 1707 1025 facile
1757 958 2063 1025 observat
2111 982 2219 1024 me
2267 979 2405 1024 non
2452 976 2806 1041 monente,
2854 960 2945 1025 ita
2992 957 3177 1026 aliud

1006 1077 1363 1145 observare
1437 1072 1714 1141 debebit
1779 1099 1817 1138 a
1886 1097 1993 1138 me
2057 1069 2452 1140 admonitus.
2549 1074 2987 1144 Verissimum
3037 1092 3176 1158 est,

1006 1190 1191 1259 Lxx
1244 1187 1643 1259 vocabulum
1683 1209 1794 1284 μιν
1835 1184 1941 1254 bis
2005 1186 2242 1301 legisse
2295 1205 2361 1255 et
2405 1188 2511 1255 bis
2562 1192 3001 1282 expressisse,
3055 1186 3179 1256 sed

1004 1330 1148 1375 non
1188 1304 1410 1373 minus
1456 1305 1595 1373 veri
1649 1301 2058 1369 simillimum
2110 1321 2238 1385 est,
2307 1327 2420 1370 eos
2471 1302 2573 1372 bis
2622 1320 2893 1372 tantum
2940 1303 3179 1399 legisse

1006 1422 1083 1489 in
1132 1421 1347 1515 Capp.
1383 1419 1452 1485 II
1504 1437 1570 1486 et
1617 1419 1754 1500 III,¹
1814 1441 1960 1483 non
2008 1418 2309 1510 amplius.
2408 1418 2579 1486 Nam
2640 1418 2842 1513 paulo
2902 1420 3180 1488 inferius

1006 1562 1102 1607 vs.
1140 1537 1227 1605 15
1276 1533 1501 1601 Editio
1551 1534 1846 1604 Romana
1869 1526 1930 1624 *)
1981 1536 2253 1602 omnino
2303 1535 2506 1602 habet
2531 1530 2663 1605 καὶ
2700 1526 2915 1602 εὲετο
2945 1531 3181 1606 αὐτὸν

1005 1650 1089 1721 ἐν
1156 1651 1261 1743 τῷ
1321 1638 1744 1746 παραδείσῳ
1804 1651 1959 1729 τῆς
2029 1645 2421 1743 τρυφῆς,
2488 1649 2610 1717 sed
2688 1653 2999 1720 omittunt
3055 1652 3184 1731 τῆς

1009 1766 1290 1863 τρυφῆς
1346 1764 1579 1833 Codex
1625 1763 1985 1834 Alexandr.
2037 1760 2187 1857 (eui
2246 1767 2318 1832 in
2380 1766 2511 1834 hoe
2564 1766 2716 1835 loeo
2766 1766 2967 1860 plane
3020 1785 3214 1835 con-²

1014 1881 1293 1951 cordem
1339 1880 1542 1948 fuisse
1595 1878 1799 1949 eredo
1849 1881 2244 1950 Vaticanum
2294 1880 2451 1949 lieet
2500 1875 2834 1973 silentem)
2876 1900 2943 1950 et
2991 1882 3186 1951 Cois-

1010 1997 1332 2079 linimus,
1396 1993 1769 2063 uncialibus
1831 1996 2067 2064 litteris
2135 1997 2367 2089 scripti
2417 1996 2516 2063 illi
2536 2046 2558 2078 ,
2615 1997 2912 2091 itemque
2963 1991 3186 2065 Codd.

995 2111 1422 2194 ⁸Holmesiani
1472 2109 1605 2194 68,
1657 2115 1787 2193 72,
1840 2114 2002 2194 120,
2053 2110 2213 2193 129,
2266 2109 2514 2180 Aldina
2575 2130 2641 2179 et
2684 2114 2811 2179 PP.
2858 2111 3187 2182 nonnulli.

1012 2230 1248 2297 Latina
1291 2229 1535 2297 Vetus:
1602 2228 1699 2296 Et
1751 2230 1982 2320 posuit
2043 2250 2197 2293 eum
2256 2230 2331 2292 in
2387 2225 2772 2303 Par-adiro,
2837 2226 3008 2294 nihil
3050 2249 3192 2296 am·-

1013 2343 1214 2438 plius.
1311 2344 1535 2428 Quare
1586 2361 1654 2410 et
1696 2342 1983 2409 Grabius
2011 2339 2240 2409 -verbis
2275 2341 2398 2419 τῆς
2423 2342 2703 2436 τρυφῆς
2751 2366 2789 2407 a
2814 2363 2885 2409 se
2920 2340 3191 2408 aliunde

1015 2457 1309 2551 receptis
1376 2458 1639 2549 signum
1721 2448 2027 2523 criticum
2090 2457 2436 2551 praefixit,
2509 2479 2781 2524 crucem
2847 2456 3194 2551 obliquam

1016 2572 1085 2640 h.
1133 2597 1190 2639 e.
1229 2571 1641 2641 Asteriscum
1686 2570 2157 2664 imperfectum
2204 2597 2255 2640 s.
2309 2571 2826 2641 coniecturalem
2873 2571 2963 2642 ad
3014 2570 3196 2639 indi-

1019 2685 1312 2754 candum
1386 2672 1966 2780 supplementum,
2041 2685 2230 2781 quod
2291 2685 2409 2755 ille
2486 2688 2567 2754 ab
2636 2687 2932 2780 Origene
2989 2688 3198 2756 textui

1003 2798 1286 2870 Graeco
1346 2801 1669 2869 insertum
1716 2800 1921 2869 fuisse
1968 2801 2286 2871 iudicavit
2334 2826 2480 2870 non
2528 2801 2799 2897 quidem
2839 2802 3197 2896 Hem-apla-

1018 2917 1239 3012 plaris
1301 2916 1652 2985 Editzonis
1719 2923 2175 2996 auctoritate,
2248 2935 2371 2985 aut
2427 2922 2783 3014 scriptoris
2851 2919 3218 2988 cuiusdam

1022 3036 1415 3101 testimonio
1446 3029 1575 3120 **),
1643 3032 1766 3101 sed
1819 3058 1900 3100 ex
1951 3036 2144 3101 variis
2194 3033 2469 3100 indiciis
2518 3034 2662 3106 aliis
2716 3052 2861 3118 ete„
2908 3057 3199 3127 quorum

1025 3146 1306 3243 quidem
1360 3129 1769 3219 indiciorum
1831 3152 1904 3217 in
1952 3152 2285 3243 praesenti
2335 3150 2486 3219 loco
2536 3132 2799 3222 nullum
2846 3173 2968 3241 ego
3012 3150 3201 3216 inve-

1025 3263 1177 3330 nire
1210 3288 1520 3357 possum,
1568 3266 1699 3333 nisi
1730 3282 1948 3332 textus
1982 3266 2416 3333 Masorethici
2466 3283 2533 3334 et
2556 3264 2948 3359 Hieronymi
2977 3282 3202 3334 aucto-

1026 3376 1292 3448 ritatem
1343 3405 1477 3446 una
1520 3403 1672 3446 cum
1720 3377 1985 3447 duobus
2034 3378 2218 3448 locis'
2253 3363 2627 3474 parallelis,
2673 3379 2759 3448 de
2801 3381 3042 3474 quihus
3070 3380 3203 3448 iam

1028 3516 1180 3566 aum
1241 3491 1560 3564 dicturus.
1659 3491 1921 3587 Nempe
1988 3493 2163 3562 infra
2221 3495 2384 3589 Cap.
2415 3496 2483 3579 3,
2537 3495 2630 3567 23
2692 3496 2937 3566 iterum
2998 3512 3205 3562 exstat

1029 3606 1110 3676 ἐκ
1177 3609 1317 3676 τοῦ
1380 3599 1839 3702 παραδείσου
1902 3609 2054 3689 τῆς
2120 3610 2466 3705 τρυφῆς
2525 3629 2596 3679 et
2640 3634 2799 3678 mox
2847 3633 3043 3678 versu
3091 3633 3206 3677 ex-

1031 3741 1248 3834 tremo
1296 3718 1654 3792 ἀπέναντι
1702 3725 1843 3791 τοῦ
1888 3715 2353 3822 παραδείσου
2418 3726 2573 3805 τῆς
2630 3727 3013 3822 τρυφῆςε
3065 3723 3206 3793 sed

1035 3840 1110 3909 in
1177 3841 1282 3912 his
1352 3839 1615 3912 duobus
1677 3837 1845 3910 locis
1905 3840 2213 3914 nonnulli
2254 3840 2448 3920 MSS.
2502 3834 2625 3921 τῆς
2684 3829 2958 3938 τρυφῆς
3005 3838 3205 3933 plane

1083 4109 1134 4182 ')
1169 4110 1294 4165 Non
1331 4113 1504 4166 codex
1536 4113 1635 4166 ille
1669 4112 2036 4167 nobilissimus
2072 4113 2247 4166 vatic.
2294 4130 2453 4184 ¹209,
2509 4115 2847 4170 Grieshachii
2882 4114 2952 4177 B,
3002 4111 3207 4183 qnippe

1177 4197 1401 4253 mutilus
1436 4200 1504 4252 ab
1543 4201 1704 4253 initio
1739 4202 1876 4253 Gen.
1914 4216 2088 4268 usque
2126 4198 2197 4254 ad
2236 4198 2358 4268 Cap.
2389 4200 2474 4270 47.
2811 4229 2821 4240 ·

1063 4286 1138 4360 ⁸)
1178 4285 1353 4356 Ipsius
1384 4287 1554 4342 verba
1582 4288 1825 4357 Prolegg.
1868 4286 1938 4339 ad
1974 4287 2127 4339 T.om
2155 4288 2196 4341 1.
2240 4287 2454 4357 cap.11.
2490 4286 2529 4358 S.
2553 4307 2603 4360 9.
