3550 5167
967 475 1056 544 10
1778 465 2295 562 prolegomena.

958 669 1368 765 Phaeneam,
1440 664 1729 761 (Aldina
1788 667 1984 742 facile
2047 671 2268 752 carui,
2344 670 2701 744 instructus
2758 669 3124 743 Basileensi
3182 723 3185 728 -

966 784 1187 869 1545,
1238 810 1408 879 quae
1455 784 1641 853 illam
1686 810 1814 880 per
1852 785 2146 853 Psalmos
2193 805 2327 859 tam
2375 811 2606 880 presse
2656 789 2989 882 sequitur,
3052 810 3127 860 ut

958 904 1154 973 etiam
1223 926 1577 995 operarum
1653 925 1917 971 errores
1984 900 2202 968 relicti
2272 883 2522 968 fuerint
2537 899 2604 987 ,)
2679 902 2999 972 Sixtinam
3054 923 3125 979 et

958 1017 1360 1085 Grabianam
1408 1019 1644 1111 Tiguri
1703 1042 2006 1086 recusam
2056 1018 2368 1086 continuo
2418 1043 2582 1111 prae
2636 1020 2941 1087 manibus
3005 1020 3125 1088 ha·-

955 1134 1238 1216 behem,
1308 1152 1381 1208 ut
1427 1134 1484 1201 si
1535 1158 1738 1227 quem
1786 1131 2174 1225 scrupulum
2224 1134 2528 1205 inficeret
2578 1133 2842 1203 collatio
2892 1160 2932 1202 a
2977 1136 3125 1203 Bri·
3218 1223 3223 1230 ,

957 1252 1172 1321 tannis
1207 1274 1571 1342 eorumque
1607 1246 2035 1326 adiutoribus
2066 1250 2479 1341 quantumvis
2532 1247 2887 1343 diligenter
2933 1250 3125 1333 faeta,

954 1366 1120 1459 ineis
1190 1368 1402 1434 visum
1467 1362 1675 1434 oeulis
1750 1362 2149 1437 evellerem:
2223 1388 2419 1458 aegre
2484 1363 2760 1458 quidem
2819 1366 3126 1434 carebam

957 1444 1150 1548 libris
1199 1478 1571 1561 ιιοιιιιιιΙΙίε,
1623 1502 1791 1571 quos
1843 1477 2189 1549 consulere
2231 1498 2642 1572 optaveram,
2695 1479 2815 1552 sed
2852 1482 3125 1547 minime

956 1594 1294 1688 palmariis
1324 1644 1345 1676 ,
1419 1593 1669 1664 nedum
1740 1585 2103 1672 lectionum
2179 1593 2472 1664 fontibus
2492 1644 2513 1676 ‚
2589 1613 2858 1687 praeter
2926 1620 3127 1666 unam

956 1709 1369 1783 Psalmorum
1390 1710 1787 1778 Versionem
1806 1703 2161 1803 ‘Syrianam
2205 1708 2291 1775 de
2332 1709 2589 1778 Graeco
2631 1708 2904 1792 saetam,
2955 1735 3126 1803 quae

957 1827 1031 1890 in
1078 1823 1361 1892 fontium
1417 1845 1696 1895 numero
1729 1824 1983 1891 ‘haberi
2030 1842 2309 1917 poterat.
2411 1825 2600 1896 Hanc
2648 1823 2916 1891 tandem
2966 1825 3128 1892 ade-

957 1958 1110 2032 ptus
1140 1963 1386 2033 operae
1425 1941 1713 2033 pretium
1767 1940 2148 2021 existimavi,
2198 1958 2519 2031 quantum
2567 1936 2992 2006 emolumenti
3040 1937 3129 2007 ad

959 2054 1449 2128 emendandum
1506 2054 1902 2128 Psalterium
1950 2053 2283 2120 Graecum
2329 2054 2515 2119 LXX
2566 2055 2716 2122 Intt.
2780 2052 2938 2121 inde
2986 2056 3129 2148 peti

956 2192 1217 2267 posset,
1273 2175 1530 2240 curiose
1578 2173 1961 2266 inquirere3
2011 2194 2139 2244 nec
2183 2170 2337 2237 viris
2390 2167 2651 2250 doctiS,
2699 2170 2942 2235 horum
2991 2189 3129 2238 stu·-

960 2286 1226 2353 diorum
1268 2287 1669 2367 fautoribuS,
1718 2288 2053 2384 ingratum
2095 2283 2240 2351 fore
2289 2285 2544 2376 putavi,
2595 2284 2652 2349 si
2691 2285 2832 2350 eius
2855 2285 3131 2379 Versio-

958 2403 1064 2474 nis
1116 2400 1423 2495 Syriacae
1472 2402 1701 2495 paucis
1756 2401 2056 2492 cognitae
2103 2397 2164 2485 *)
2221 2398 2518 2469 indolem
2569 2422 2971 2492 exponerem
3021 2423 3132 2465 ea-

961 2534 1151 2583 tenus
1204 2542 1240 2582 a
1286 2540 1395 2582 me
1443 2517 1933 2608 investigatam,
1994 2535 2068 2583 ut
2130 2514 2390 2583 consilii
2433 2516 2568 2581 mei
2615 2517 2781 2582 ratio
2832 2512 3132 2607 postula·-

839 2697 848 2708 ,
957 2631 1102 2713 bat,
1154 2650 1220 2699 et
1252 2649 1405 2727 post
1452 2630 1793 2730 generales
1845 2630 2165 2723 quasdam
2209 2630 2697 2702 ohservationes
2742 2632 2936 2697 etiam
2981 2654 3133 2722 spe-

960 2751 1213 2816 cimina
1262 2747 1685 2830 exhiberem,
1756 2747 1937 2814 unde
1983 2744 2477 2840 quodammodo
2528 2747 2856 2816 aestimari
2904 2763 3131 2839 posset

969 2862 1128 2931 libri
1178 2889 1333 2934 usus
1380 2864 1645 2930 criticus
1696 2864 1768 2929 in
1820 2860 2211 2955 castigandis
2254 2861 2458 2952 LXX.

1157 2981 1514 3075 Inscriptio.
1578 2981 1802 3073 operis
1864 2980 2254 3073 paginarum
2311 2976 2507 3044 XXII
2572 2994 2639 3044 et
2682 2973 2825 3045 496
2882 2975 3134 3042 formae

970 3098 1426 3187 quaternariae
1477 3096 1643 3162 haee
1695 3115 1832 3163 est:

1420 3262 1681 3338 <2:222
1736 3237 2173 3327 Momm
2231 3244 2331 3342 ,οἱ
2389 3234 2666 3328 &omno

974 3406 1235 3478 Psalmi
1296 3404 1662 3476 secundum
1722 3402 2116 3478 Editionem
2177 3405 2377 3474 LXX
2446 3404 2912 3494 Interpretum
2973 3422 3138 3491 quos

976 3548 1082 3590 ex
1120 3522 1370 3592 Codice
1423 3521 1651 3614 Syro-
1674 3520 2113 3613 estranglzelo
2150 3519 2610 3589 Bibliothecae
2643 3513 3141 3587 Ambrosianae

977 3641 1117 3731 Syr
1119 3645 1265 3706 iace
1315 3636 1794 3731 imprimendos
1846 3642 2145 3720 curavit,
2204 3638 2456 3704 Latine
2524 3638 2769 3709 vertit,
2828 3636 3142 3725 notisque

979 3760 1232 3824 criticis
1302 3755 1666 3823 illustravit
1725 3754 2096 3823 Caietanus
2164 3756 2478 3844 Bagatus
2542 3750 2612 3821 S.
2666 3751 2732 3818 T
2726 3750 2790 3818 h.
2835 3749 2896 3817 Ι.
2950 3748 3022 3816 U.
3073 3760 3143 3838 et

986 3872 1279 3963 Collegit?
1308 3859 1751 3946 Ambrosiam
1790 3874 2069 3940 Doctor.
2173 3868 2564 3939 Mediolani
2607 3860 3095 3936 MDCCCXX.

1054 4208 1104 4279 ')
1139 4206 1482 4262 Gesenius
1522 4207 1762 4261 breviter
1800 4163 1913 4276 egit
1958 4162 2028 4258 de
2067 4203 2173 4257 hoe
2216 4202 2477 4257 Psalterio
2521 4200 2634 4267 Syr.
2675 4198 2734 4251 ἰιι
2763 4169 3148 4262 Epheuieridi-

1193 4289 1296 4349 bus
1336 4294 1956 4359 llaleneibus,1anuar.
2004 4293 2262 4355 1832.,si
2300 4290 2461 4345 modo
2496 4291 2638 4342 recte
2680 4279 2918 4337 memini

3500 171 3528 258 A-
3512 0 3528 152 ,φῇ-ι
