3550 5167
942 497 990 565 6
1575 463 1584 476 l
1768 498 2288 589 Prolegomena.

946 709 1016 763 et
1057 694 1130 757 in
1178 692 1303 758 bae
1344 716 1419 758 re
1467 689 1735 784 θεωρία,
1785 715 1955 786 quae
1989 711 2279 773 vocatur,
2327 715 2465 759 non
2498 694 2785 786 praeibit
2823 686 3104 789 πρᾶξιν,

946 806 1068 875 sed
1111 833 1255 873 eam
1303 806 1761 899 subsequetur.

1142 922 1204 989 A
1264 920 1537 1014 singulis
1606 941 1825 988 autem
1885 920 2099 990 dictae
2160 920 2612 990 Bibliothecae
2680 922 2746 991 S.
2815 924 3107 992 Graecae

947 1037 1030 1105 V.
1057 1037 1139 1101 T.
1175 1033 1365 1104 libris
1409 1053 1483 1101 ut
1521 1036 1783 1103 initium
1818 1035 1930 1102 fiat
1970 1034 2426 1129 investigandi,
2470 1034 2835 1121 iudicandi,
2887 1064 3113 1106 emen..

949 1148 1191 1231 dandi,
1241 1147 1525 1231 edendi,
1570 1148 1803 1217 suadet
1853 1174 1929 1215 ac
1977 1149 2337 1242 persuadet
2387 1152 2487 1216 rei
2534 1154 2832 1235 vastitas,
2875 1178 2960 1220 ne
3011 1151 3117 1219 di-

951 1289 1099 1333 cam
1147 1265 1565 1332 immensitas.
1667 1265 1922 1346 Quotus
1973 1266 2150 1330 enim
2195 1254 2478 1358 quisque
2519 1267 2618 1334 vir
2655 1265 2912 1349 doctus,
2962 1265 3122 1338 licet

955 1381 1039 1448 ab
1089 1381 1356 1472 ingenio
1406 1395 1474 1445 et
1524 1377 1901 1446 eruditione
1965 1379 2503 1450 instructissimus
2564 1379 2948 1473 laborisque
2998 1405 3122 1473 pa-

958 1494 1379 1564 tientissimus
1432 1517 1504 1559 se
1551 1493 1624 1558 in
1672 1496 1998 1586 gurgitem
2045 1495 2392 1587 immergat
2440 1496 2636 1562 totius
2688 1495 2912 1588 operis
2956 1493 3125 1563 Hol-

957 1607 1232 1675 mesiani
1250 1656 1275 1688 ‚
1350 1606 1537 1700 quod
1603 1610 1826 1701 ipsum
1886 1610 2299 1700 quantumvis
2364 1632 2601 1703 magno
2667 1606 2943 1701 dignum
3004 1633 3126 1701 ap-

961 1711 1229 1815 plausu,
1291 1746 1430 1789 non
1480 1741 1661 1789 caret
1709 1724 1844 1789 suis
1886 1725 2106 1791 naevis
2134 1773 2156 1805 ,
2230 1714 2348 1816 qui
2392 1722 2574 1790 haud
2621 1747 2773 1791 raro
2828 1741 3130 1791 utentem

965 1855 1245 1928 cogant,
1316 1854 1388 1903 ut
1455 1833 2071 1931 conquirendorum
2138 1856 2248 1905 aut
2312 1836 2802 1930 evocandorum
2863 1840 3129 1906 testium

970 1957 1235 2034 curam,
1295 1979 1346 2046 ,a
1392 1979 1527 2047 qua
1568 1976 1639 2020 se
1688 1951 2044 2024 liberatum
2090 1952 2395 2046 putabat,
2451 1953 2526 2019 in
2574 1976 2644 2020 se
2694 1954 2916 2045 ipsum
2955 1953 3131 2019 reci-

967 2069 1145 2160 piat,
1183 2067 1595 2162 aliorumque
1638 2063 2139 2161 παροράματα
2188 2067 2321 2134 suis
2374 2065 2583 2134 oculis
2633 2065 2945 2134 adhibitis
2984 2090 3136 2134 cor-

970 2182 1183 2275 rigat?
1245 2200 1319 2250 ut
1366 2207 1546 2249 nunc
1608 2199 1898 2262 taceam,
1960 2183 2343 2247 universum
2395 2203 2638 2273 corpus
2687 2182 2874 2296 LXJ}
2921 2183 3138 2248 Inter·-

973 2315 1242 2389 pretum
1288 2316 1421 2365 tam
1462 2297 1658 2365 variis
1709 2315 2012 2363 constare
2071 2294 2411 2362 elementis
2465 2313 2532 2362 et
2574 2312 2707 2362 tam
2752 2294 3140 2361 dissimilem

914 2462 921 2468 -
978 2410 1306 2480 tractandi
1353 2411 1679 2478 rationem
1724 2412 2110 2502 requirere,
2157 2412 2230 2476 in
2278 2434 2514 2504 magna
2565 2428 2858 2478 ceterum
2906 2405 3141 2476 simili-

980 2524 1212 2594 tudine
1259 2526 1549 2619 partium
1588 2526 1906 2606 omnium,
1958 2542 2029 2591 ut
2072 2525 2155 2591 ab
2210 2525 2351 2592 aliis
2382 2527 2572 2593 libris
2605 2525 2691 2591 ad
2722 2523 2883 2593 alios
2927 2543 3142 2592 trans·-

984 2638 1127 2706 iens
1183 2638 1677 2733 propemodum
1734 2638 2037 2707 oblivisci
2081 2658 2192 2706 aut
2240 2638 2588 2707 dediscere
2636 2638 2916 2721 debeas,
2972 2661 3145 2734 quae

991 2755 1281 2820 animum
1324 2779 1453 2848 per
1498 2779 1759 2821 menses
1804 2772 2001 2848 atque
2047 2777 2251 2823 annos
2291 2772 2688 2847 occupatum
2733 2771 3097 2822 tenuerant.

1184 2868 1276 2935 At
1323 2867 1586 2961 qualem
1651 2887 1936 2951 textum,
1995 2866 2340 2962 qualemve
2404 2887 2617 2964 textus
2682 2869 3150 2938 conformatioss

993 3007 1149 3049 nem
1211 2984 1784 3052 consectabimur?
1865 3009 2009 3054 eam
2077 2982 2361 3067 scilicet,
2442 3011 2611 3080 quae
2669 2984 2947 3076 Origeni
3006 2981 3153 3074 pla-

999 3098 1174 3168 cuit?
1222 3098 1375 3165 Huc
1414 3119 1724 3193 vergunt,
1771 3101 1909 3168 huc
1958 3096 2282 3167 inclinant
2328 3122 2466 3166 non
2516 3100 2811 3167 omnium
2844 3093 3155 3188 'quidem3

1003 3231 1068 3281 at
1114 3211 1472 3282 multorum
1524 3233 1741 3281 tamen
1791 3216 2085 3281 virorum
2137 3211 2548 3280 eruditorum
2599 3211 2966 3278 desideria·
3020 3207 3158 3277 Sed

1004 3328 1297 3421 primum
1340 3330 1414 3397 hi
1461 3330 1630 3396 iusto
1679 3328 2033 3419 benignius
2082 3328 2439 3419 opinantur
2482 3326 2567 3394 de
2592 3325 2901 3420 Origenis
2943 3326 3159 3393 scien-

1009 3445 1098 3509 tia
1143 3442 1404 3537 linguae
1445 3442 1813 3512 Hebraicae
1863 3460 1929 3511 et
1970 3444 2270 3511 acumine
2315 3443 2545 3511 critico
2596 3438 2687 3526 *):
2741 3437 2988 3508 deinde
3039 3461 3160 3508 cur

1080 3756 1132 3827 ¹²)
1197 3756 1328 3811 Fuit
1378 3754 1437 3808 in
1482 3754 1600 3820 his,
1657 3762 1723 3812 ut
1777 3754 2043 3810 Grabium
2095 3764 2155 3814 et
2219 3758 2357 3811 alios
2416 3762 2622 3808 taceam
2680 3753 2873 3808 beatus
2934 3750 3164 3806 Iacob.

1173 3853 1176 3854 ’
1224 3842 1754 3906 Amersfoordt,
1822 3843 2115 3911 Origenem
2173 3841 2357 3897 dicens
2402 3842 2733 3915 perper-itum
2779 3854 2833 3893 et
2880 3841 3169 3893 univer-sae

1229 3930 1471 3984 criticae
1506 3942 1560 3982 et
1593 3930 1821 4001 linguae
1841 3929 2187 3993 Hebraicae,
2230 3931 2454 3982 Dissett.
2488 3927 2558 3980 de
2591 3928 2754 3979 variis
2782 3926 2930 3978 lectt.
2952 3923 3173 3975 H‘olme-

1233 4016 1400 4068 sianis
1441 4016 1685 4069 locorum
1733 4015 2089 4087 quorumdam
2141 4017 2349 4072 Pentat.
2387 4014 2527 4069 Mos.
2573 4030 2627 4085 p.
2665 4029 2748 4067 20.
2823 4012 2999 4066 Aliter
3031 4011 3175 4064 Petu.

1238 4100 1376 4151 Dan.
1412 4102 1675 4166 unctius,
1728 4102 1803 4157 10.
1842 4102 2111 4164 Clericus,
2167 4103 2243 4156 10.
2282 4101 2415 4154 Geo.
2460 4099 2862 4160 Rosenmiiller,
2912 4105 2969 4150 et
3001 4113 3179 4166 nuper

1239 4183 1505 4240 Gescnius
1571 4187 1638 4243 de
1695 4187 1903 4243 pentat.
1963 4190 2175 4243 Samar.
2221 4190 2467 4257 origine,
2502 4186 2688 4241 indole
2737 4183 3178 4245 et'auctotitate,

1243 4288 1295 4341 p.
1341 4287 1413 4325 12.
2020 4277 2029 4288 “
