3550 5167
960 683 1081 786 'qui
1148 686 1374 784 spoliis
1419 685 1709 754 Orientis
1777 682 2029 754 dudum
2083 702 2350 753 onustus
2403 709 2580 753 nunc
2635 683 2829 756 etiam
2880 684 2964 752 ad
3016 687 3115 752 Te

963 825 1240 917 rapuisti

1345 948 1660 1044 quicquid
1705 949 1791 1014 de
1840 947 2111 1039 Libycis
2164 952 2454 1016 verritur
2502 955 2722 1025 areis,

962 1084 1127 1154 adeo
1199 1102 1269 1153 ut
1326 1088 1396 1150 in
1464 1086 1595 1151 hoc
1640 1106 1883 1175 genere
1932 1079 2100 1148 nihil
2149 1078 2531 1174 relinquere
2580 1081 2750 1149 velle
2799 1081 3115 1167 videariS,

962 1215 1147 1311 quod
1189 1219 1259 1283 in
1308 1234 1652 1309 posterum
1719 1230 2051 1307 occupent
2106 1210 2219 1280 alii
2266 1245 2358 1262 --
2404 1215 2514 1279 Tu
2561 1214 2761 1305 igitur
2811 1233 2879 1282 et
2923 1233 3118 1309 pote-

958 1350 1049 1416 ris
1099 1365 1167 1414 et
1209 1346 1487 1414 debebis
1518 1347 1971 1439 quaestionem
2009 1343 2193 1412 illam
2234 1368 2751 1437 recognoscere,
2805 1365 2872 1414 et
2908 1374 3118 1440 quan-

958 1498 1097 1547 tum
1135 1479 1294 1545 Tibi
1349 1479 1596 1546 maiora
1646 1478 1908 1570 negotia
1947 1478 2372 1569 permittunt,
2415 1499 2587 1545 novo
2631 1478 2915 1544 examini
2958 1479 3119 1545 sub-

958 1613 1158 1678 iicere
1183 1661 1205 1693 ,
1256 1634 1390 1703 quo
1456 1608 1725 1678 tandem
1790 1611 2081 1677 virorum
2150 1606 2500 1676 doctorum
2550 1606 2857 1676 dissonae
2919 1634 3117 1678 voces

957 1741 1042 1809 ad
1085 1740 1510 1810 concordiam
1554 1759 1967 1808 revocentur.
2047 1742 2378 1824 Quorsum
2421 1762 2543 1830 ego
2579 1738 2933 1824 inclinem,
2985 1742 3117 1810 hoc

952 1876 1291 1968 specimen
1335 1874 1495 1939 Tibi
1545 1872 1955 1965 significabit.
2068 1872 2172 1937 De
2226 1895 2358 1962 quo
2407 1871 2734 1966 quicquid
2781 1871 3118 1941 iudicave-

949 2010 1041 2076 ris
1065 2058 1086 2088 ,
1148 2005 1447 2074 divinum
1506 2028 1626 2097 ego
1680 2005 2020 2097 ingenium
2069 2004 2330 2083 Tuum,
2384 2004 2906 2104 immensamque
2966 2028 3120 2072 eru-

953 2137 1273 2208 ditionem
1313 2135 1626 2205 admirari
1677 2160 1814 2204 non
1871 2134 2187 2202 desinam.
2635 2111 2640 2116 ¹

1156 2270 1520 2340 Con-servet
1567 2271 1749 2340 Deus
1799 2269 1883 2336 Ο.
1933 2270 2027 2336 Μ.
2081 2270 2277 2336 vitam
2323 2268 2539 2335 Tuam
2601 2269 2752 2336 orbi
2799 2266 3119 2338 litterario

949 2422 1012 2472 et
1064 2403 1560 2499 honestissimae
1609 2402 1838 2470 domui
1872 2404 2059 2470 Tuae
2106 2425 2304 2494 quam
2337 2373 2716 2468 diutissime.
2788 2401 2897 2466 Tu
2935 2424 3116 2481 ver0,

956 2558 1090 2629 quo
1144 2534 1363 2606 favore
1414 2535 1731 2603 hactenus
1782 2532 2163 2626 complexus
2217 2557 2319 2615 es,
2368 2536 2689 2634 prosequi
2739 2556 2947 2626 perge

1532 2730 1763 2795 Tui
1910 2725 2496 2796 Nominis

1034 2992 1289 3061 Dabam
1328 2987 1806 3059 Amstelodami

1088 3115 1274 3153 mente
1308 3097 1533 3152 Octobri
1572 3103 1721 3157 1836-

2236 3564 2757 3620 observantissimum

2017 3744 2097 3810 D·
2150 3742 2254 3815 Io.
2309 3740 2601 3834 Theoph.
2654 3738 3006 3815 Pliisclzke.
