3550 5167
986 569 1347 639 lectionum
1396 565 1936 636 memorabilium.
2392 639 2398 645 ,
2447 561 2532 636 31

311 801 324 808 ’
389 776 669 843 fatorum
738 774 807 839 in
880 767 1148 862 Europa
1211 762 1594 860 magnitudo
1664 766 1860 832 etiam
1911 759 2232 833 Codicem
2278 759 2542 832 Vatica-

395 916 551 968 num
601 911 825 955 secum
873 901 1157 953 traxerat
1182 933 1202 963 ‚
1269 884 1425 950 hui1
1409 905 1597 975 sque
1663 882 1826 948 varii
1891 904 2075 946 casus
2128 879 2547 948 collationem

394 1003 479 1071 ad
529 1003 821 1071 Psalmos
895 1023 1106 1092 usque
1174 998 1542 1067 continuari
1602 1020 1743 1063 non
1804 993 2104 1063 siveram.
2203 996 2344 1089 Ego
2397 999 2547 1089 qui-
2637 986 2647 994 “

295 1093 304 1102 ⁵
396 1118 552 1185 dem
594 1117 817 1209 aliquo
865 1117 1150 1209 pignore
1198 1130 1451 1180 certare
1502 1114 1743 1192 ausim,
1794 1125 1994 1178 totam
2038 1108 2220 1176 illam
2256 1091 2548 1177 fabulam

396 1234 483 1300 de
535 1236 848 1324 margine
896 1234 1106 1299 ortam
1156 1255 1236 1297 ex
1286 1254 1394 1296 eri
1398 1251 1513 1295 ore
1564 1226 2077 1307 Montfauconii,
2149 1226 2265 1319 qui
2327 1244 2552 1293 notam

274 1389 297 1410 .
396 1351 471 1415 in
521 1347 810 1415 editione
860 1348 1151 1414 Romana
1197 1344 1456 1412 Psalmo
1522 1343 1888 1411 subiectam
1947 1341 2292 1410 festinante
2356 1341 2551 1411 oculo
2628 1321 2631 1326 Ι

398 1464 758 1557 inspiciens
808 1464 1062 1557 putavit
1078 1485 1099 1544 3
1167 1463 1241 1527 in
1288 1463 1585 1554 margine
1650 1475 1902 1526 tantum
1968 1459 2264 1524 exhiberi
2282 1508 2303 1540 ‚
2370 1454 2554 1550 quod

401 1581 548 1672 pari
592 1577 796 1646 modo
844 1580 916 1644 in
967 1592 1287 1672 contextu*
1324 1592 1872 1668 repraesentatur.
1968 1573 2123 1641 Non
2182 1574 2370 1668 quasi
2431 1598 2553 1639 ne-
2636 1637 2645 1650 ,,

404 1718 668 1787 garem,
742 1694 955 1786 ipsam
1022 1692 1476 1759 membranam
1541 1690 1681 1757 viro
1748 1686 1998 1783 inclyto
2034 1686 2263 1757 ·fuisse
2332 1687 2561 1781 cogni·-

405 1804 708 1894 tam'·*),-
734 1807 855 1875 sed
905 1807 1088 1875 aliud
1142 1825 1280 1888 est,
1329 1804 1474 1873 MS.
1525 1803 1814 1899 aliquem
1861 1805 2230 1897 inspicere,
2281 1827 2563 1896 percur-
2634 1847 2647 1860 ‚

406 1948 598 2007 rere,
651 1922 963 2002 admirari
983 1973 1004 2005 ,
1053 1921 1324 1989 laudare
1346 1971 1367 2004 ‚
1418 1919 1599 1988 aliud
1640 1937 1851 1989 totum
1895 1945 2022 2013 per
2065 1929 2292 1987 omnes
2341 1936 2566 2012 partes

410 2037 765 2131 diligenter
800 2037 1122 2107 conferre.
1184 2038 1316 2104 Vix
1362 2034 1594 2104 induci
1640 2056 1915 2129 possum
1944 2045 2020 2102 ut
2048 2033 2353 2116 credam,
2402 2030 2566 2098 Edi-

414 2169 592 2219 tores
642 2153 967 2222 Romanos
1018 2153 1090 2218 in
1145 2154 1292 2246 ipso
1357 2169 1666 2219 contextu
1706 2152 2039 2244 posituros
2087 2147 2287 2216 fuisse
2332 2146 2582 2215 lectio·'

413 2291 571 2333 nem
617 2269 918 2336 Vaticani
953 2268 1142 2335 Libri
1172 2266 1317 2335 MS.
1371 2266 1854 2359 marginalem,
1905 2284 1972 2335 et
2021 2264 2220 2333 talem
2268 2264 2566 2357 quidem,

416 2381 630 2475 qualis
679 2384 876 2451 haec·
911 2402 1040 2465 est,
1109 2384 1363 2451 lectore
1417 2383 1589 2450 nihil
1634 2387 1892 2451 monito
1909 2410 1934 2462 ,-
2011 2382 2266 2475 quippe
2333 2381 2451 2473 qui
2499 2380 2572 2446 in

415 2498 617 2564 'rebus
686 2501 881 2565 etiam
942 2497 1300 2567 levioribus
1364 2525 1485 2568 nos
1548 2498 1764 2568 solent
1823 2492 2140 2567 certiores>
2205 2497 2423 2564 facere
2486 2495 2575 2563 de

383 2614 781 2704 ·scripturae
858 2610 1227 2681 diversitate
1292 2615 1364 2680 in
1428 2613 1544 2681 illo
1592 2614 1737 2681 MS.
1804 2616 2180 2695 observata,
2251 2612 2327 2678 id
2394 2609 2581 2704 quod

422 2727 878 2819 unusquisque
940 2725 1046 2794 vel
1099 2751 1179 2793 ex
1234 2728 1511 2794 Bosiana
1571 2727 1943 2821 intelligere
2006 2744 2243 2821 potest.
2344 2726 2576 2792 Brevi:

420 2840 670 2907 lamere
735 2838 1067 2936 putandus
1137 2859 1235 2909 est
1304 2841 1448 2910 MS.
1507 2842 1720 2910 Vatio.
1777 2842 1941 2911 'illos
2012 2861 2163 2909 octo
2239 2834 2583 2933 στίχους,

426 2978 564 3021 non
612 2956 684 3021 in
726 2955 1056 3049 margine,
1107 2955 1228 3023 sed
1268 2958 1340 3033 in
1386 2958 1533 3049 ipso
1581 2974 1794 3039 textu,
1846 2957 2062 3025 donec
2114 2959 2397 3024 evictum
2439 2931 2593 3020 sue-³

429 3071 519 3137 rit
569 3073 987 3137 contrarium.
1078 3072 1295 3139 Habet
1343 3074 1497 3139 item
1537 3071 1926 3140 Psalterium
1949 3073 2338 3141 Veronense
2378 3069 2588 3136 Grae-

433 3209 568 3252 co·
533 3187 890 3253 -Latinum
910 3236 932 3269 ,
1009 3189 1192 3255 cuius
1244 3190 1581 3281 specimen
1629 3188 1742 3255 hie
1809 3188 2138 3256 exhibebo
2156 3238 2177 3271 ,
2251 3183 2588 3304 nonnullis

434 3323 572 3368 non
618 3301 947 3394 ingratum
992 3301 1304 3373 futurum.

507 3643 563 3711 ·)
605 3642 789 3698 Codex
826 3645 973 3699 allus
1008 3646 1309 3702 Bibliorum
1350 3650 1595 3710 Graece,
1650 3632 1936 3703 caractere
1976 3649 2197 3703 unciali
2237 3661 2290 3703 et
2330 3644 2602 3710 rotundo,

645 3731 767 3784 sine
801 3732 1145 3797 accentibus,
1206 3735 1395 3807 quinti
1444 3734 1650 3787 sextive
1702 3736 1915 3788 saeculi
1962 3747 2074 3788 est:
2134 3734 2365 3830 [quarti
2396 3732 2623 3784 saecun-

652 3815 768 3869 fere
818 3819 985 3871 medii
1034 3828 1218 3871 censet
1273 3823 1313 3874 1
1364 3820 1617 3874 Leonh.
1670 3821 1814 3888 Hug
1828 3824 1878 3889 ,]
1936 3822 2044 3874 etsi
2093 3839 2218 3887 vero
2254 3801 2366 3873 non'
2398 3838 2604 3892 paucos

651 3921 809 3973 paras
843 3905 1135 3959 vetustatis
1177 3904 1398 3959 Codices
1433 3904 1580 3969 vidi,
1637 3918 1698 3960 at
1744 3926 1859 3960 non
1899 3906 2140 3960 numeris
2187 3908 2300 3960 suis
2334 3919 2390 3959 et
2421 3908 2608 3977 parti·

654 3989 754 4043 laus
795 3990 873 4057 [ἓ]
928 3992 1243 4055 absolutes,
1306 4005 1369 4045 ut
1409 3993 1513 4045 iste
1559 3992 1864 4047 Vaticanus
1904 4005 1999 4047 ese.
2069 3992 2219 4047 Haec
2253 3994 2371 4062 ipse
2409 3992 2605 4046 Montf.

650 4078 711 4129 in
759 4076 1523 4134 Biblioth.Bib110thecarum
1576 4097 1629 4150 p
1666 4083 1716 4135 3.
1788 4079 2110 4133 vaticanam
2155 4086 2339 4132 autem
2395 4077 2609 4132 Biblio-

649 4160 862 4216 thecam
896 4179 996 4234 per
1024 4159 1160 4217 duos
1196 4176 1251 4218 et
1299 4162 1580 4218 dimidium
1630 4183 1849 4229 annos,
1903 4184 2040 4239 quos
2073 4166 2274 4222 Romae
2314 4166 2597 4239 transegi,

638 4235 912 4321 frequens
942 4247 1103 4314 adit,
1145 4257 1206 4304 ut
1241 4251 1383 4305 idem
1421 4251 1628 4306 ibidem
1666 4254 1925 4326 loquitur.
