<?xml version="1.0" encoding="UTF-8"?>
<!DOCTYPE html PUBLIC "-//W3C//DTD XHTML 1.0 Transitional//EN"
    "http://www.w3.org/TR/xhtml1/DTD/xhtml1-transitional.dtd">
<html xmlns="http://www.w3.org/1999/xhtml" xml:lang="en" lang="en">
 <head>
  <title>
</title>
<meta http-equiv="Content-Type" content="text/html;charset=utf-8" />
  <meta name='ocr-system' content='tesseract 3.04.00' />
  <meta name='ocr-capabilities' content='ocr_page ocr_carea ocr_par ocr_line ocrx_word'/>
</head>
<body>
  <div class='ocr_page' id='page_1' title='image "./lectionesalexan00plgoog_0057.png"; bbox 0 0 3550 5167; ppageno 0'>
   <div class='ocr_carea' id='block_1_1' title="bbox 1455 1072 1577 1170">
    <p class='ocr_par' dir='ltr' id='par_1_1' title="bbox 1455 1072 1577 1170">
     <span class='ocr_line' id='line_1_1' title="bbox 1455 1072 1577 1170; baseline -0.033 0"><span class='ocrx_word' id='word_1_1' title='bbox 1455 1072 1577 1170; x_wconf 89' lang='lat'>11.</span> 
     </span>
    </p>
   </div>
   <div class='ocr_carea' id='block_1_2' title="bbox 456 1283 2413 1404">
    <p class='ocr_par' dir='ltr' id='par_1_2' title="bbox 456 1283 2413 1404">
     <span class='ocr_line' id='line_1_2' title="bbox 456 1283 2413 1404; baseline 0.003 -19"><span class='ocrx_word' id='word_1_2' title='bbox 456 1391 472 1404; x_wconf 63' lang='grc'>,</span> <span class='ocrx_word' id='word_1_3' title='bbox 572 1291 1032 1388; x_wconf 82' lang='lat' dir='ltr'>Recensus</span> <span class='ocrx_word' id='word_1_4' title='bbox 1097 1286 1542 1387; x_wconf 80' lang='lat' dir='ltr'><em>Codicum</em></span> <span class='ocrx_word' id='word_1_5' title='bbox 1596 1283 2413 1390; x_wconf 71' lang='lat' dir='ltr'>Holmesian&#39;orum</span> 
     </span>
    </p>
   </div>
   <div class='ocr_carea' id='block_1_3' title="bbox 993 1461 2074 1555">
    <p class='ocr_par' dir='ltr' id='par_1_3' title="bbox 993 1461 2074 1555">
     <span class='ocr_line' id='line_1_3' title="bbox 993 1461 2074 1555; baseline -0.001 -26"><span class='ocrx_word' id='word_1_6' title='bbox 993 1461 1091 1529; x_wconf 84' lang='lat' dir='ltr'>ad</span> <span class='ocrx_word' id='word_1_7' title='bbox 1143 1461 1454 1533; x_wconf 82' lang='lat' dir='ltr'><strong><em>Genesin</em></strong></span> <span class='ocrx_word' id='word_1_8' title='bbox 1498 1466 2012 1555; x_wconf 79' lang='lat' dir='ltr'>pertinentium.</span> <span class='ocrx_word' id='word_1_9' title='bbox 2067 1485 2074 1492; x_wconf 80' lang='grc'>’</span> 
     </span>
    </p>
   </div>
   <div class='ocr_carea' id='block_1_4' title="bbox 1308 1657 1690 1669">
    <p class='ocr_par' dir='ltr' id='par_1_4' title="bbox 1308 1657 1690 1669">
     <span class='ocr_line' id='line_1_4' title="bbox 1308 1657 1690 1669; baseline 0 3498"><span class='ocrx_word' id='word_1_10' title='bbox 1308 1657 1690 1669; x_wconf 95' lang='lat' dir='ltr'> </span> 
     </span>
    </p>
   </div>
   <div class='ocr_carea' id='block_1_5' title="bbox 779 1774 2213 1872">
    <p class='ocr_par' dir='ltr' id='par_1_5' title="bbox 779 1774 2213 1872">
     <span class='ocr_line' id='line_1_5' title="bbox 779 1774 2213 1872; baseline 0.006 -31"><span class='ocrx_word' id='word_1_11' title='bbox 779 1776 834 1842; x_wconf 86' lang='grc' dir='ltr'><strong>Ι.</strong></span> <span class='ocrx_word' id='word_1_12' title='bbox 902 1774 1186 1864; x_wconf 81' lang='lat' dir='ltr'><em>Codices</em></span> <span class='ocrx_word' id='word_1_13' title='bbox 1235 1776 1610 1846; x_wconf 78' lang='lat' dir='ltr'><em>uncialibus</em></span> <span class='ocrx_word' id='word_1_14' title='bbox 1655 1780 1904 1846; x_wconf 82' lang='lat' dir='ltr'>litteris</span> <span class='ocrx_word' id='word_1_15' title='bbox 1954 1782 2213 1872; x_wconf 80' lang='lat' dir='ltr'>scripti.</span> 
     </span>
    </p>
   </div>
   <div class='ocr_carea' id='block_1_6' title="bbox 483 1948 2680 2428">
    <p class='ocr_par' dir='ltr' id='par_1_6' title="bbox 506 1948 2594 2214">
     <span class='ocr_line' id='line_1_6' title="bbox 506 1948 2590 2035; baseline 0.002 -23"><span class='ocrx_word' id='word_1_16' title='bbox 506 1951 556 2012; x_wconf 84' lang='lat'>1.</span> <span class='ocrx_word' id='word_1_17' title='bbox 595 1948 1027 2029; x_wconf 80' lang='lat' dir='ltr'>cottonianus,</span> <span class='ocrx_word' id='word_1_18' title='bbox 1072 1953 1529 2035; x_wconf 68' lang='lat' dir='ltr'>(Tetraplaris‘3)</span> <span class='ocrx_word' id='word_1_19' title='bbox 1564 1953 1850 2016; x_wconf 58' lang='lat' dir='ltr'>satem-IV</span> <span class='ocrx_word' id='word_1_20' title='bbox 1885 1960 1994 2013; x_wconf 82' lang='lat' dir='ltr'>aut</span> <span class='ocrx_word' id='word_1_21' title='bbox 2033 1953 2108 2017; x_wconf 85' lang='lat' dir='ltr'>V.</span> <span class='ocrx_word' id='word_1_22' title='bbox 2149 1953 2413 2016; x_wconf 79' lang='lat' dir='ltr'>Maxima</span> <span class='ocrx_word' id='word_1_23' title='bbox 2461 1954 2590 2016; x_wconf 79' lang='lat' dir='ltr'>eius</span> 
     </span>
     <span class='ocr_line' id='line_1_7' title="bbox 602 2050 2594 2135; baseline 0.001 -25"><span class='ocrx_word' id='word_1_24' title='bbox 602 2070 746 2132; x_wconf 83' lang='lat' dir='ltr'>pars</span> <span class='ocrx_word' id='word_1_25' title='bbox 788 2051 1071 2113; x_wconf 88' lang='lat' dir='ltr'>incendio</span> <span class='ocrx_word' id='word_1_26' title='bbox 1127 2050 1490 2135; x_wconf 83' lang='lat' dir='ltr'>deflagravit</span> <span class='ocrx_word' id='word_1_27' title='bbox 1534 2050 1710 2114; x_wconf 76' lang='lat'><strong><em>1723.</em></strong></span> <span class='ocrx_word' id='word_1_28' title='bbox 1796 2053 2201 2118; x_wconf 83' lang='lat' dir='ltr'>Collationem</span> <span class='ocrx_word' id='word_1_29' title='bbox 2244 2054 2594 2116; x_wconf 76' lang='lat' dir='ltr'><strong>instituerat</strong></span> 
     </span>
     <span class='ocr_line' id='line_1_8' title="bbox 602 2145 1911 2214; baseline 0.004 -4"><span class='ocrx_word' id='word_1_30' title='bbox 602 2150 869 2211; x_wconf 85' lang='lat' dir='ltr'>Grabius</span> <span class='ocrx_word' id='word_1_31' title='bbox 918 2152 1066 2214; x_wconf 85' lang='lat' dir='ltr'><strong><em>circ.</em></strong></span> <span class='ocrx_word' id='word_1_32' title='bbox 1113 2145 1291 2213; x_wconf 84' lang='lat'><strong><em>1703.</em></strong></span> <span class='ocrx_word' id='word_1_33' title='bbox 1907 2182 1911 2186; x_wconf 53' lang='lat'>&lt;</span> 
     </span>
    </p>

    <p class='ocr_par' dir='ltr' id='par_1_7' title="bbox 483 2248 2680 2428">
     <span class='ocr_line' id='line_1_9' title="bbox 483 2248 2680 2336; baseline 0.001 -27"><span class='ocrx_word' id='word_1_34' title='bbox 483 2248 563 2310; x_wconf 85' lang='lat'>11.</span> <span class='ocrx_word' id='word_1_35' title='bbox 601 2250 931 2311; x_wconf 80' lang='lat' dir='ltr'>Vaticanus</span> <span class='ocrx_word' id='word_1_36' title='bbox 992 2257 1012 2328; x_wconf 91' lang='lat'>(</span> <span class='ocrx_word' id='word_1_37' title='bbox 1029 2249 1410 2313; x_wconf 83' lang='lat' dir='ltr'>Gr&#39;iesbachii</span> <span class='ocrx_word' id='word_1_38' title='bbox 1451 2252 1534 2329; x_wconf 91' lang='lat' dir='ltr'>B)</span> <span class='ocrx_word' id='word_1_39' title='bbox 1594 2250 1846 2313; x_wconf 82' lang='lat' dir='ltr'>mutilus</span> <span class='ocrx_word' id='word_1_40' title='bbox 1908 2252 1985 2313; x_wconf 82' lang='lat' dir='ltr'>ab</span> <span class='ocrx_word' id='word_1_41' title='bbox 2052 2252 2232 2313; x_wconf 81' lang='lat' dir='ltr'>initio</span> <span class='ocrx_word' id='word_1_42' title='bbox 2275 2271 2469 2336; x_wconf 78' lang='lat' dir='ltr'>usque</span> <span class='ocrx_word' id='word_1_43' title='bbox 2512 2249 2590 2312; x_wconf 87' lang='lat' dir='ltr'>ad</span> <span class='ocrx_word' id='word_1_44' title='bbox 2672 2272 2680 2277; x_wconf 91' lang='lat'><em>·</em></span> 
     </span>
     <span class='ocr_line' id='line_1_10' title="bbox 601 2343 1272 2428; baseline 0.006 -20"><span class='ocrx_word' id='word_1_45' title='bbox 601 2343 780 2409; x_wconf 78' lang='grc' dir='ltr'><strong><em>πόλιν</em></strong></span> <span class='ocrx_word' id='word_1_46' title='bbox 818 2352 974 2412; x_wconf 87' lang='lat' dir='ltr'>Gen.</span> <span class='ocrx_word' id='word_1_47' title='bbox 1014 2348 1119 2428; x_wconf 87' lang='lat'>46,</span> <span class='ocrx_word' id='word_1_48' title='bbox 1169 2350 1272 2412; x_wconf 77' lang='lat'>28.</span> 
     </span>
    </p>
   </div>
   <div class='ocr_carea' id='block_1_7' title="bbox 398 2445 2276 2534">
    <p class='ocr_par' dir='ltr' id='par_1_8' title="bbox 398 2445 2276 2534">
     <span class='ocr_line' id='line_1_11' title="bbox 398 2445 2276 2534; baseline 0.002 -26"><span class='ocrx_word' id='word_1_49' title='bbox 398 2479 405 2492; x_wconf 80' lang='lat'>·</span> <span class='ocrx_word' id='word_1_50' title='bbox 474 2445 573 2508; x_wconf 84' lang='lat'>111.</span> <span class='ocrx_word' id='word_1_51' title='bbox 612 2448 1047 2531; x_wconf 75' lang='lat' dir='ltr'>Alexandrinus</span> <span class='ocrx_word' id='word_1_52' title='bbox 1087 2450 1354 2527; x_wconf 62' lang='lat' dir='ltr'>(Griesba</span> <span class='ocrx_word' id='word_1_53' title='bbox 1399 2451 1480 2534; x_wconf 83' lang='lat' dir='ltr'>A)</span> <span class='ocrx_word' id='word_1_54' title='bbox 1525 2472 1711 2534; x_wconf 87' lang='lat' dir='ltr'>quem</span> <span class='ocrx_word' id='word_1_55' title='bbox 1754 2450 2021 2512; x_wconf 82' lang='lat' dir='ltr'>Grabius</span> <span class='ocrx_word' id='word_1_56' title='bbox 2066 2448 2276 2518; x_wconf 77' lang='lat' dir='ltr'>edidit.</span> 
     </span>
    </p>
   </div>
   <div class='ocr_carea' id='block_1_8' title="bbox 472 2547 2597 2733">
    <p class='ocr_par' dir='ltr' id='par_1_9' title="bbox 472 2547 2597 2733">
     <span class='ocr_line' id='line_1_12' title="bbox 472 2547 2342 2633; baseline 0.004 -27"><span class='ocrx_word' id='word_1_57' title='bbox 472 2547 574 2609; x_wconf 84' lang='lat' dir='ltr'>lv.</span> <span class='ocrx_word' id='word_1_58' title='bbox 612 2547 1044 2628; x_wconf 75' lang='lat' dir='ltr'>Sarravianus,</span> <span class='ocrx_word' id='word_1_59' title='bbox 1093 2571 1256 2611; x_wconf 86' lang='lat' dir='ltr'>nunc</span> <span class='ocrx_word' id='word_1_60' title='bbox 1301 2550 1494 2632; x_wconf 84' lang='lat' dir='ltr'>Lugd.</span> <span class='ocrx_word' id='word_1_61' title='bbox 1540 2552 1677 2611; x_wconf 84' lang='lat' dir='ltr'>Bat.</span> <span class='ocrx_word' id='word_1_62' title='bbox 1760 2551 2116 2633; x_wconf 77' lang='lat' dir='ltr'>Hexaplaris</span> <span class='ocrx_word' id='word_1_63' title='bbox 2157 2559 2267 2614; x_wconf 84' lang='lat' dir='ltr'>est.</span> <span class='ocrx_word' id='word_1_64' title='bbox 2336 2579 2342 2586; x_wconf 89' lang='lat'><strong>·</strong></span> 
     </span>
     <span class='ocr_line' id='line_1_13' title="bbox 497 2647 2597 2733; baseline 0.002 -24"><span class='ocrx_word' id='word_1_65' title='bbox 497 2647 1036 2710; x_wconf 75' lang='lat' dir='ltr'>V.0011›ertinus.</span> <span class='ocrx_word' id='word_1_66' title='bbox 1097 2651 1276 2729; x_wconf 89' lang='lat' dir='ltr'>(Sunt</span> <span class='ocrx_word' id='word_1_67' title='bbox 1314 2650 1533 2711; x_wconf 85' lang='lat' dir='ltr'>avulsa</span> <span class='ocrx_word' id='word_1_68' title='bbox 1559 2651 1705 2711; x_wconf 80' lang='lat' dir='ltr'>folia</span> <span class='ocrx_word' id='word_1_69' title='bbox 1748 2651 2165 2733; x_wconf 84' lang='lat' dir='ltr'>praecedentis</span> <span class='ocrx_word' id='word_1_70' title='bbox 2205 2650 2597 2728; x_wconf 84' lang='lat' dir='ltr'>Sarraviani).</span> 
     </span>
    </p>
   </div>
   <div class='ocr_carea' id='block_1_9' title="bbox 475 2746 2290 2830">
    <p class='ocr_par' dir='ltr' id='par_1_10' title="bbox 475 2746 2290 2830">
     <span class='ocr_line' id='line_1_14' title="bbox 475 2746 2290 2830; baseline -0.001 -19"><span class='ocrx_word' id='word_1_71' title='bbox 475 2746 578 2811; x_wconf 89' lang='lat' dir='ltr'>VI.</span> <span class='ocrx_word' id='word_1_72' title='bbox 618 2748 945 2809; x_wconf 86' lang='lat' dir='ltr'>Caesareus</span> <span class='ocrx_word' id='word_1_73' title='bbox 991 2748 1570 2830; x_wconf 80' lang='lat' dir='ltr'>Vindoh.(G1-iesh.</span> <span class='ocrx_word' id='word_1_74' title='bbox 1617 2754 1688 2828; x_wconf 91' lang='lat' dir='ltr'>N)</span> <span class='ocrx_word' id='word_1_75' title='bbox 1729 2772 1888 2813; x_wconf 81' lang='lat' dir='ltr'>saec.</span> <span class='ocrx_word' id='word_1_76' title='bbox 1932 2752 1993 2814; x_wconf 90' lang='lat' dir='ltr'><strong>V</strong></span> <span class='ocrx_word' id='word_1_77' title='bbox 2034 2759 2141 2811; x_wconf 84' lang='lat' dir='ltr'>aut</span> <span class='ocrx_word' id='word_1_78' title='bbox 2177 2750 2290 2818; x_wconf 52' lang='lat' dir='ltr'>Vl,</span> 
     </span>
    </p>
   </div>
   <div class='ocr_carea' id='block_1_10' title="bbox 433 2843 2596 3225">
    <p class='ocr_par' dir='ltr' id='par_1_11' title="bbox 433 2843 2596 3225">
     <span class='ocr_line' id='line_1_15' title="bbox 433 2843 1074 2914; baseline 0.003 -7"><span class='ocrx_word' id='word_1_79' title='bbox 433 2844 577 2907; x_wconf 81' lang='lat' dir='ltr'>Vll.</span> <span class='ocrx_word' id='word_1_80' title='bbox 620 2843 1074 2914; x_wconf 80' lang='lat' dir='ltr'>Ambrosianus,</span> 
     </span>
     <span class='ocr_line' id='line_1_16' title="bbox 495 2874 2358 3030; baseline 0 -23"><span class='ocrx_word' id='word_1_81' title='bbox 495 2947 581 3007; x_wconf 98' lang='lat' dir='ltr'><strong><em>X.</em></strong></span> <span class='ocrx_word' id='word_1_82' title='bbox 625 2944 1026 3008; x_wconf 84' lang='lat' dir='ltr'>Coislinianus</span> <span class='ocrx_word' id='word_1_83' title='bbox 1064 2968 1217 3009; x_wconf 87' lang='lat' dir='ltr'>saec.</span> <span class='ocrx_word' id='word_1_84' title='bbox 1259 2948 1346 3011; x_wconf 90' lang='lat' dir='ltr'>VI</span> <span class='ocrx_word' id='word_1_85' title='bbox 1387 2958 1494 3009; x_wconf 87' lang='lat' dir='ltr'>aut</span> <span class='ocrx_word' id='word_1_86' title='bbox 1538 2948 1674 3010; x_wconf 88' lang='lat' dir='ltr'>VII.</span> <span class='ocrx_word' id='word_1_87' title='bbox 1758 2874 2110 3030; x_wconf 79' lang='lat' dir='ltr'>Hexaplaris</span> <span class='ocrx_word' id='word_1_88' title='bbox 2152 2954 2263 3011; x_wconf 80' lang='lat' dir='ltr'>est.</span> <span class='ocrx_word' id='word_1_89' title='bbox 2354 2977 2358 2981; x_wconf 96' lang='lat'><em>·</em></span> 
     </span>
     <span class='ocr_line' id='line_1_17' title="bbox 477 3043 2595 3124; baseline -0.002 -19"><span class='ocrx_word' id='word_1_90' title='bbox 477 3046 590 3106; x_wconf 84' lang='lat' dir='ltr'>xl.</span> <span class='ocrx_word' id='word_1_91' title='bbox 619 3043 1315 3109; x_wconf 84' lang='lat' dir='ltr'>Basiliano-Vatieanus</span> <span class='ocrx_word' id='word_1_92' title='bbox 1357 3068 1515 3113; x_wconf 84' lang='lat' dir='ltr'>saec.</span> <span class='ocrx_word' id='word_1_93' title='bbox 1554 3048 1687 3107; x_wconf 82' lang='lat' dir='ltr'>fere</span> <span class='ocrx_word' id='word_1_94' title='bbox 1715 3047 1824 3124; x_wconf 88' lang='lat' dir='ltr'>IX,</span> <span class='ocrx_word' id='word_1_95' title='bbox 1866 3049 1942 3108; x_wconf 77' lang='lat' dir='ltr'>ab</span> <span class='ocrx_word' id='word_1_96' title='bbox 1989 3048 2166 3108; x_wconf 86' lang='lat' dir='ltr'>initio</span> <span class='ocrx_word' id='word_1_97' title='bbox 2206 3057 2269 3108; x_wconf 83' lang='lat' dir='ltr'>et</span> <span class='ocrx_word' id='word_1_98' title='bbox 2306 3047 2427 3106; x_wconf 83' lang='lat' dir='ltr'>fine</span> <span class='ocrx_word' id='word_1_99' title='bbox 2454 3067 2595 3105; x_wconf 69' lang='lat' dir='ltr'>mu-</span> 
     </span>
     <span class='ocr_line' id='line_1_18' title="bbox 609 3143 2596 3225; baseline 0.002 -22"><span class='ocrx_word' id='word_1_100' title='bbox 609 3143 773 3212; x_wconf 72' lang='lat' dir='ltr'>tilus,</span> <span class='ocrx_word' id='word_1_101' title='bbox 878 3146 1093 3224; x_wconf 86' lang='lat' dir='ltr'>(Nota,</span> <span class='ocrx_word' id='word_1_102' title='bbox 1159 3146 1636 3225; x_wconf 85' lang='lat' dir='ltr'>Cottonianum,</span> <span class='ocrx_word' id='word_1_103' title='bbox 1693 3146 1932 3207; x_wconf 78' lang='lat' dir='ltr'>caesar.</span> <span class='ocrx_word' id='word_1_104' title='bbox 2002 3157 2067 3209; x_wconf 88' lang='lat' dir='ltr'>et</span> <span class='ocrx_word' id='word_1_105' title='bbox 2128 3146 2596 3207; x_wconf 70' lang='lat' dir='ltr'>Ambrosianum</span> 
     </span>
    </p>
   </div>
   <div class='ocr_carea' id='block_1_11' title="bbox 616 3244 1143 3326">
    <p class='ocr_par' dir='ltr' id='par_1_12' title="bbox 616 3244 1143 3326">
     <span class='ocr_line' id='line_1_19' title="bbox 616 3244 1143 3326; baseline 0.006 -20"><span class='ocrx_word' id='word_1_106' title='bbox 616 3265 740 3307; x_wconf 85' lang='lat' dir='ltr'>esse</span> <span class='ocrx_word' id='word_1_107' title='bbox 780 3244 1143 3326; x_wconf 82' lang='lat' dir='ltr'>lacunosos.)</span> 
     </span>
    </p>
   </div>
   <div class='ocr_carea' id='block_1_12' title="bbox 763 3428 2269 3503">
    <p class='ocr_par' dir='ltr' id='par_1_13' title="bbox 763 3428 2269 3503">
     <span class='ocr_line' id='line_1_20' title="bbox 763 3428 2269 3503; baseline -0.001 -6"><span class='ocrx_word' id='word_1_108' title='bbox 763 3432 859 3503; x_wconf 90' lang='grc' dir='ltr'><strong>ΙΙ.</strong></span> <span class='ocrx_word' id='word_1_109' title='bbox 921 3431 1205 3500; x_wconf 82' lang='lat' dir='ltr'>Codices</span> <span class='ocrx_word' id='word_1_110' title='bbox 1254 3431 1504 3498; x_wconf 84' lang='lat' dir='ltr'>litteris</span> <span class='ocrx_word' id='word_1_111' title='bbox 1553 3428 1926 3498; x_wconf 74' lang='lat' dir='ltr'>minoribus</span> <span class='ocrx_word' id='word_1_112' title='bbox 1976 3436 2269 3497; x_wconf 76' lang='lat' dir='ltr'>exarati.</span> 
     </span>
    </p>
   </div>
   <div class='ocr_carea' id='block_1_13' title="bbox 443 3588 2484 3672">
    <p class='ocr_par' dir='ltr' id='par_1_14' title="bbox 443 3588 2484 3672">
     <span class='ocr_line' id='line_1_21' title="bbox 443 3588 2484 3672; baseline 0 -19"><span class='ocrx_word' id='word_1_113' title='bbox 443 3592 539 3656; x_wconf 85' lang='lat'>14.</span> <span class='ocrx_word' id='word_1_114' title='bbox 578 3592 776 3668; x_wconf 68' lang='lat' dir='ltr'>vatic,</span> <span class='ocrx_word' id='word_1_115' title='bbox 827 3590 973 3651; x_wconf 87' lang='lat' dir='ltr'>olim</span> <span class='ocrx_word' id='word_1_116' title='bbox 1016 3593 1103 3670; x_wconf 88' lang='lat' dir='ltr'>(et</span> <span class='ocrx_word' id='word_1_117' title='bbox 1148 3612 1314 3651; x_wconf 85' lang='lat' dir='ltr'>nunc</span> <span class='ocrx_word' id='word_1_118' title='bbox 1329 3592 1374 3669; x_wconf 68' lang='lat'>2)</span> <span class='ocrx_word' id='word_1_119' title='bbox 1417 3588 1942 3672; x_wconf 80' lang='lat' dir='ltr'>Heidelbergensis</span> <span class='ocrx_word' id='word_1_120' title='bbox 1963 3633 1982 3666; x_wconf 87' lang='lat'>,</span> <span class='ocrx_word' id='word_1_121' title='bbox 2026 3610 2186 3652; x_wconf 81' lang='lat' dir='ltr'>saec.</span> <span class='ocrx_word' id='word_1_122' title='bbox 2233 3589 2365 3651; x_wconf 81' lang='lat' dir='ltr'>fere</span> <span class='ocrx_word' id='word_1_123' title='bbox 2406 3590 2484 3653; x_wconf 84' lang='lat' dir='ltr'><strong><em>X.</em></strong></span> 
     </span>
    </p>
   </div>
   <div class='ocr_carea' id='block_1_14' title="bbox 443 3690 2136 3876">
    <p class='ocr_par' dir='ltr' id='par_1_15' title="bbox 443 3690 2136 3876">
     <span class='ocr_line' id='line_1_22' title="bbox 443 3690 1752 3755; baseline 0 -1"><span class='ocrx_word' id='word_1_124' title='bbox 443 3691 539 3754; x_wconf 88' lang='lat'>15.</span> <span class='ocrx_word' id='word_1_125' title='bbox 583 3691 982 3753; x_wconf 79' lang='lat' dir='ltr'>coislinianus</span> <span class='ocrx_word' id='word_1_126' title='bbox 1028 3712 1182 3751; x_wconf 85' lang='lat' dir='ltr'>saec.</span> <span class='ocrx_word' id='word_1_127' title='bbox 1221 3692 1351 3753; x_wconf 87' lang='lat' dir='ltr'>fere</span> <span class='ocrx_word' id='word_1_128' title='bbox 1392 3690 1481 3750; x_wconf 92' lang='lat' dir='ltr'><strong><em>IX</em></strong></span> <span class='ocrx_word' id='word_1_129' title='bbox 1521 3699 1631 3751; x_wconf 88' lang='lat' dir='ltr'>aut</span> <span class='ocrx_word' id='word_1_130' title='bbox 1670 3691 1752 3755; x_wconf 86' lang='lat' dir='ltr'>X.</span> 
     </span>
     <span class='ocr_line' id='line_1_23' title="bbox 443 3787 2136 3876; baseline -0.005 -20"><span class='ocrx_word' id='word_1_131' title='bbox 443 3792 539 3856; x_wconf 87' lang='lat'>17.</span> <span class='ocrx_word' id='word_1_132' title='bbox 579 3791 945 3853; x_wconf 85' lang='lat' dir='ltr'>Moscuensis</span> <span class='ocrx_word' id='word_1_133' title='bbox 988 3790 1304 3851; x_wconf 87' lang='lat' dir='ltr'>continens</span> <span class='ocrx_word' id='word_1_134' title='bbox 1343 3789 1639 3876; x_wconf 75' lang='lat' dir='ltr'>Genesin,</span> <span class='ocrx_word' id='word_1_135' title='bbox 1684 3808 1843 3851; x_wconf 84' lang='lat' dir='ltr'>saec.</span> <span class='ocrx_word' id='word_1_136' title='bbox 1886 3787 2018 3849; x_wconf 82' lang='lat' dir='ltr'>fere</span> <span class='ocrx_word' id='word_1_137' title='bbox 2056 3788 2136 3848; x_wconf 90' lang='lat' dir='ltr'><strong><em>X.</em></strong></span> 
     </span>
    </p>
   </div>
   <div class='ocr_carea' id='block_1_15' title="bbox 440 3890 2601 4072">
    <p class='ocr_par' dir='ltr' id='par_1_16' title="bbox 440 3890 2601 4072">
     <span class='ocr_line' id='line_1_24' title="bbox 442 3890 1421 3966; baseline -0.006 -11"><span class='ocrx_word' id='word_1_138' title='bbox 442 3892 538 3955; x_wconf 85' lang='grc'><strong>18.</strong></span> <span class='ocrx_word' id='word_1_139' title='bbox 581 3891 912 3966; x_wconf 78' lang='lat' dir='ltr'>Fesulanus</span> <span class='ocrx_word' id='word_1_140' title='bbox 955 3911 1110 3951; x_wconf 85' lang='lat' dir='ltr'>saec.</span> <span class='ocrx_word' id='word_1_141' title='bbox 1156 3890 1289 3951; x_wconf 85' lang='lat' dir='ltr'>fere</span> <span class='ocrx_word' id='word_1_142' title='bbox 1334 3891 1421 3950; x_wconf 90' lang='lat' dir='ltr'>X.</span> 
     </span>
     <span class='ocr_line' id='line_1_25' title="bbox 440 3979 2601 4072; baseline -0.004 -22"><span class='ocrx_word' id='word_1_143' title='bbox 440 3989 537 4052; x_wconf 84' lang='lat'>19.</span> <span class='ocrx_word' id='word_1_144' title='bbox 580 3990 905 4072; x_wconf 78' lang='lat' dir='ltr'>chigianus</span> <span class='ocrx_word' id='word_1_145' title='bbox 945 4011 1101 4051; x_wconf 85' lang='lat' dir='ltr'>saec.</span> <span class='ocrx_word' id='word_1_146' title='bbox 1149 3989 1278 4049; x_wconf 88' lang='lat' dir='ltr'>fere</span> <span class='ocrx_word' id='word_1_147' title='bbox 1311 3988 1392 4064; x_wconf 90' lang='lat' dir='ltr'>X,</span> <span class='ocrx_word' id='word_1_148' title='bbox 1435 4006 1615 4068; x_wconf 85' lang='lat' dir='ltr'>saepe</span> <span class='ocrx_word' id='word_1_149' title='bbox 1658 3984 2043 4047; x_wconf 81' lang='lat' dir='ltr'>consentiens</span> <span class='ocrx_word' id='word_1_150' title='bbox 2093 4005 2234 4043; x_wconf 86' lang='lat' dir='ltr'>cum</span> <span class='ocrx_word' id='word_1_151' title='bbox 2281 3979 2601 4063; x_wconf 84' lang='lat' dir='ltr'>Complut.</span> 
     </span>
    </p>
   </div>
   <div class='ocr_carea' id='block_1_16' title="bbox 439 4078 2601 4169">
    <p class='ocr_par' dir='ltr' id='par_1_17' title="bbox 439 4078 2601 4169">
     <span class='ocr_line' id='line_1_26' title="bbox 439 4078 2601 4169; baseline -0.006 -17"><span class='ocrx_word' id='word_1_152' title='bbox 439 4089 539 4153; x_wconf 72' lang='lat'>20.</span> <span class='ocrx_word' id='word_1_153' title='bbox 580 4089 927 4169; x_wconf 83' lang='lat' dir='ltr'>Dorothei,</span> <span class='ocrx_word' id='word_1_154' title='bbox 967 4098 1137 4152; x_wconf 87' lang='lat' dir='ltr'>cont.</span> <span class='ocrx_word' id='word_1_155' title='bbox 1182 4087 1486 4163; x_wconf 83' lang='lat' dir='ltr'>Genesin,</span> <span class='ocrx_word' id='word_1_156' title='bbox 1525 4107 1681 4148; x_wconf 87' lang='lat' dir='ltr'>saec.</span> <span class='ocrx_word' id='word_1_157' title='bbox 1709 4087 1839 4147; x_wconf 84' lang='lat' dir='ltr'>sere</span> <span class='ocrx_word' id='word_1_158' title='bbox 1877 4085 1984 4146; x_wconf 67' lang='lat' dir='ltr'>lx„</span> <span class='ocrx_word' id='word_1_159' title='bbox 2068 4082 2391 4166; x_wconf 86' lang='lat' dir='ltr'>Specimen</span> <span class='ocrx_word' id='word_1_160' title='bbox 2430 4078 2601 4143; x_wconf 82' lang='lat' dir='ltr'>dedit</span> 
     </span>
    </p>
   </div>
   <div class='ocr_carea' id='block_1_17' title="bbox 443 4186 1571 4366">
    <p class='ocr_par' dir='ltr' id='par_1_18' title="bbox 443 4186 1540 4354">
     <span class='ocr_line' id='line_1_27' title="bbox 583 4186 1530 4271; baseline -0.007 -19"><span class='ocrx_word' id='word_1_161' title='bbox 583 4189 877 4252; x_wconf 80' lang='lat' dir='ltr'>Matthaei</span> <span class='ocrx_word' id='word_1_162' title='bbox 920 4190 998 4252; x_wconf 85' lang='lat' dir='ltr'>ad</span> <span class='ocrx_word' id='word_1_163' title='bbox 1036 4191 1127 4251; x_wconf 86' lang='lat' dir='ltr'>Ev</span> <span class='ocrx_word' id='word_1_164' title='bbox 1133 4212 1270 4271; x_wconf 84' lang='lat' dir='ltr'>mg.</span> <span class='ocrx_word' id='word_1_165' title='bbox 1314 4186 1530 4247; x_wconf 82' lang='lat' dir='ltr'>Marci.</span> 
     </span>
     <span class='ocr_line' id='line_1_28' title="bbox 443 4287 1571 4366; baseline -0.003 -14"><span class='ocrx_word' id='word_1_166' title='bbox 443 4287 538 4354; x_wconf 80' lang='lat'>25.</span> <span class='ocrx_word' id='word_1_167' title='bbox 581 4287 1068 4366; x_wconf 74' lang='lat' dir='ltr'>monachiensis,</span> <span class='ocrx_word' id='word_1_168' title='bbox 1112 4310 1266 4355; x_wconf 78' lang='lat' dir='ltr'>sace.</span> <span class='ocrx_word' id='word_1_169' title='bbox 1309 4289 1439 4350; x_wconf 83' lang='lat' dir='ltr'>fere</span> <span class='ocrx_word' id='word_1_170' title='bbox 1481 4287 1571 4351; x_wconf 88' lang='grc' dir='ltr'><strong>Χ.</strong></span> 
     </span>
    </p>
   </div>
  </div>
 </body>
</html>
