3550 5167
981 477 1072 545 38
1872 470 2263 540 Paradisus.

980 691 1158 740 tanto
1234 670 1622 740 insolentior
1685 690 1751 739 et
1817 669 2068 738 Critico
2152 665 2493 736 molestior
2572 684 2668 735 est
2745 666 3149 762 Graecarum

989 786 1524 854 membranarum
1587 784 1953 854 diversitas.
2074 783 2244 850 Nam
2295 781 2536 849 Graeci
2594 805 2720 874 per
2783 807 2862 848 ea
2924 782 3154 874 viginti

982 901 1129 968 loca
1175 902 1506 994 incipiunt
1552 928 1589 970 a
1638 899 1934 994 simplici
1986 897 2027 965 ὁ
2058 895 2267 983 θεός,
2319 896 2565 964 deinde
2597 894 2910 990 paulatim
2941 913 3153 965 trans-
3217 955 3222 968 ,

984 1033 1141 1082 eunt
1197 1014 1285 1081 ad
1337 1014 1585 1110 duplex
1628 1039 1875 1085 nomen
1918 1010 2157 1109 κύρως
2207 1012 2249 1081 ὁ
2299 1007 2506 1101 θεός,
2573 1029 2713 1081 tum
2764 1009 2983 1079 denuo
3036 1010 3155 1078 ali-

988 1130 1248 1221 quoties
1327 1148 1600 1198 utuntur
1675 1128 1967 1222 simplici
2038 1122 2244 1209 Ξεός,
2317 1126 2720 1220 tandemque
2782 1125 3021 1194 finiunt
3082 1128 3155 1193 in

979 1242 1215 1338 κύριος
1276 1242 1319 1311 ὁ
1381 1240 1575 1322 θεός.
1685 1245 1906 1313 Latini
1964 1246 2257 1338 primum
2325 1242 2718 1336 simpliciter
2776 1243 2972 1311 Deus
3035 1239 3155 1309 ali-

982 1361 1241 1451 quoties
1258 1410 1280 1442 ,
1345 1378 1487 1428 tum
1552 1383 1709 1428 vero
1783 1361 2120 1428 Dominus
2180 1343 2423 1428 Deuss
2517 1359 2837 1450 Asterisci
2913 1369 3153 1439 autem,

975 1475 1110 1541 hoc
1158 1491 1259 1541 est
1339 1492 1535 1541 notae
1593 1472 1834 1542 Graeci
1886 1493 2096 1559 textus
2143 1499 2222 1541 ex
2249 1469 2580 1566 'Hexaplis
2630 1470 2970 1566 suppleti,
3007 1493 3150 1539 non

986 1585 1170 1682 apud
1218 1588 1544 1656 Grahium
1609 1606 1863 1658 tantum
1927 1572 2429 1683 conspiciuntur
2491 1606 2621 1655 tam
2664 1585 2891 1680 pleni,
2955 1609 3159 1679 quam

985 1703 1210 1790 vacui,
1276 1702 1397 1770 sed
1465 1706 1536 1770 in
1611 1703 1806 1772 MSS.
1872 1729 2143 1798 quoque
2219 1702 2659 1772 Holmesianis
2729 1701 3159 1794 reperiuntur

990 1820 1142 1887 satis
1202 1817 1410 1887 multi.
1513 1820 1724 1912 Magis
1803 1822 1999 1887 etiam
2059 1818 2371 1901 offendit,
2437 1817 2625 1913 quod
2672 1817 2913 1886 Graeci
2961 1813 3156 1884 MSS.

991 1951 1055 2000 et
1103 1931 1287 2001 Editi
1351 1932 1534 2001 haud
1589 1937 1789 2027 pauci
1852 1932 1937 2000 ad
1990 1933 2439 2027 reparandum
2488 1934 2676 2027 quasi
2726 1931 3045 2000 damnum
3093 1947 3160 1998 et

1001 2046 1565 2144 compensandam
1616 2051 1934 2117 iacturam
1981 2050 2054 2116 in
2095 2051 2399 2142 proximo
2436 2048 2598 2143 Cap.
2631 2067 2869 2141 quarto
2904 2065 3161 2116 utrum-

996 2188 1128 2255 que
1158 2186 1411 2243 nomen
1454 2160 1758 2259 κύριος
1807 2162 1850 2232 ὁ
1900 2159 2103 2241 θεὸς
2154 2163 2501 2258 aliquoties
2528 2181 2922 2257 posuerunt,
2966 2164 3164 2232 item·-

996 2302 1129 2371 que
1181 2279 1344 2372 Cap.
1397 2277 1464 2348 6.
1519 2298 1586 2347 et
1634 2282 1701 2352 7.
1760 2281 1966 2348 invito
2024 2298 2091 2347 et
2150 2297 2563 2373 repugnante
2627 2296 2810 2348 textu
2857 2278 3161 2345 Masore-

993 2393 1208 2460 thico:
1273 2411 1513 2486 estque·
1574 2397 1845 2463 omnino
1911 2413 2088 2462 tanta
2139 2397 2211 2460 in
2272 2392 2467 2462 MSS.
2543 2393 2819 2461 Graecis
2860 2395 3157 2488 varietaS,

994 2526 1068 2575 ut
1126 2507 1292 2575 haec
1355 2510 1576 2577 omnia
1634 2508 1919 2577 feliciter
1983 2509 2375 2604 expedituro
2437 2530 2501 2578 et
2561 2535 2642 2577 ex
2700 2509 2884 2577 fumo
2935 2508 3161 2575 lucem

997 2618 1231 2706 daturo
1302 2626 1506 2716 gratia
1568 2628 1639 2690 in
1702 2643 2111 2695 antecessum
2172 2623 2513 2694 debeatur.
2610 2625 2846 2718 Itaque
2895 2625 3163 2692 restitu-

996 2739 1247 2806 tionem
1290 2731 1418 2818 τῆς
1467 2740 1721 2819 Κοινῆς
1766 2743 1838 2807 in
1885 2742 1990 2808 his
2034 2741 2413 2809 nominibus
2459 2739 2697 2806 divinis
2743 2763 2866 2833 ego
2918 2737 3164 2831 desper

993 2854 1168 2934 ravi,
1221 2850 1342 2921 sed
1389 2855 1570 2950 ipsos
1616 2856 1810 2922 LXX
1858 2857 1930 2921 in
1979 2879 2096 2922 suo
2148 2855 2321 2924 libro
2369 2854 2673 2949 originali
2703 2852 2873 2924 illud
2901 2854 3163 2923 Iehova

994 2967 1265 3036 Elohim
1336 2968 1576 3064 legisse
1637 2970 1940 3065 adeoque
1993 2974 2194 3039 vicies
2241 2970 2517 3064 legisse,
2579 2970 2780 3039 nullis
2834 2968 3164 3037 conditio·

994 3083 1192 3150 nibus
1258 3081 1505 3152 adduci
1566 3110 1876 3179 possum,
1943 3103 2017 3154 ut
2076 3088 2242 3153 mihi
2288 3085 2747 3180 persuadeam.
2850 3082 3164 3153 Viderint

996 3198 1362 3287 sagaciores
1379 3249 1402 3280 ,
1446 3225 1530 3265 an
1581 3202 1653 3266 in
1699 3199 2030 3270 hodierno
2083 3219 2262 3270 textu
2294 3200 2681 3270 alterutrum
2714 3224 2964 3269 nomen
2991 3199 3163 3268 divi-

997 3332 1160 3374 num
1208 3310 1292 3377 sit
1332 3335 1592 3378 merum
1641 3312 2003 3405 glossema,
2054 3339 2189 3409 quo
2242 3317 2608 3386 Hebraicus
2658 3316 2933 3411 quidam
2979 3309 3165 3382 Δια-

912 3445 929 3456 “
1001 3420 1408 3505 σκευαστὴς
1458 3428 1804 3494 transitum
1857 3430 1985 3495 sibi
2021 3449 2286 3522 pararet
2309 3431 2396 3499 ad
2426 3432 2947 3526 frequentiorem
2972 3456 3164 3498 usum

998 3539 1285 3605 nominis
1357 3544 1890 3633 tetragrammati:
1962 3544 2249 3614 viderint
2310 3547 2549 3630 iidem,
2624 3574 2708 3616 an
2770 3549 2983 3615 omnis
3049 3545 3161 3613 illa

1004 3653 1394 3745 compositio
1468 3654 1730 3723 lehova
1796 3659 2063 3726 Elolzim
2127 3663 2211 3729 sit
2280 3660 2643 3732 alieniora
2695 3667 2986 3734 castioris
3030 3662 3163 3731 Hc-

1002 3769 1271 3837 l›1·aismi
1311 3766 1569 3861 legibus
1616 3771 2091 3848 subtilioribus.
2385 3783 2690 3851 Tantum.
