3550 5167
946 525 1040 597 34
1583 525 1747 617 Cap.
1802 523 1912 591 II.
1963 523 2078 616 Sp.
2177 525 2292 592 Ps.
2341 525 2447 591 13.

949 721 1436 815 λυσιμελές
1487 720 2049 819 σφετέρῃσιν
2116 711 2368 798 ὁδοῖς
2429 737 2526 786 πε
2550 705 3142 815 ριπέπταται’

1924 820 1975 903 ἅ
1985 834 2031 902 λ
2048 855 2138 927 γο
2151 855 2185 913 ς
2202 885 2224 919 ,

952 946 1383 1025 οὐδέποτ’
1453 952 1803 1051 εἰρήνης
1864 940 2414 1031 λαθικηδέος
2482 943 2747 1024 εἶδον
2815 949 3099 1046 α’ταρ-

1931 1089 1984 1135 π
2008 1089 2103 1135 ον
2123 1116 2146 1151 ,

952 1176 1155 1254 οῦδὲ
1228 1178 1527 1278 φόβον
1603 1205 1644 1250 κ
1677 1205 1807 1251 ατ
1851 1176 2178 1250 έναντ
2212 1199 2264 1280 α
2340 1171 2731 1250 θεουδέα
2796 1182 3102 1263 θῆκαν

1935 1296 2318 1377 ὀπωπῆς

949 1416 1108 1485 Τῶν
1156 1404 1224 1484 δ’
1263 1407 1556 1508 α’γαθῶν
1607 1411 1910 1505 ἀγνῶτες
1960 1407 2077 1479 ἀεὶ
2127 1402 2694 1509 συμφράδμονες
2735 1403 2910 1493 ἄτης
2927 1463 2950 1498 ,

951 1528 1138 1601 λαὸν
1188 1526 1366 1622 ἐμὸν
1416 1522 1843 1608 κατέδοντες
1862 1581 1882 1612 ,
1948 1519 2134 1607 ὅπως
2183 1526 2508 1597 εὐαλθέα
2557 1531 2772 1597 σῖτον
2792 1584 2814 1620 ,

951 1638 1329 1745 ἀφραδέως
1377 1644 1747 1715 ἐλάθοντο
1797 1640 1971 1712 θεὸν
2019 1639 2347 1737 βασιλῆα
2397 1640 2763 1711 λιτέσθαι·

953 1741 1454 1852 δειμαίνεσκον
1503 1745 1683 1840 ἄδην
1733 1751 1858 1828 ὅτε
1911 1748 2254 1848 δείματος
2302 1755 2391 1856 mi
2439 1755 2651 1853 χρέος
2698 1749 2835 1839 ἦεν·

952 1875 1038 1956 ὥς
1081 1873 1252 1957 θεὸς
1301 1873 1377 1945 ἑν
1419 1872 1745 1972 μέσσῃσι
1796 1866 2314 1970 δικαιοτάτῃσι
2359 1871 2714 1970 γενέθλῃς.

956 1989 1349 2063 Ἀκτεάνων
1394 1987 1488 2081 μή
1538 2014 1664 2082 μοι
1711 1985 1825 2068 τὶς
1877 1983 2261 2079 α’τιμήσειε
2311 1984 2659 2083 μερίμνας
2681 2040 2704 2073 ,

956 2099 1236 2177 οὕνεκεν
1282 2102 1659 2184 οἷθοίνατος
1711 2100 1956 2173 κείνων
2006 2099 2172 2180 θεὸς
2223 2098 2420 2181 ἐλπὶς
2471 2099 2770 2197 ἐτύχθη.

955 2217 1084 2302 Τίς
1132 2219 1348 2317 πόροι
1399 2219 1474 2289 ἐκ
1524 2222 1786 2298 Σιῶνος
1838 2213 2233 2317 ἐπίῤῥοθον
2281 2212 2666 2314 Ἰσραήλου
2686 2242 2708 2300 3

957 2336 1146 2406 λαοῦ
1195 2330 1382 2407 ὅταν
1433 2332 1772 2430 στρέψειε
1829 2330 2000 2412 θεὸς
2047 2328 2244 2400 κατὰ
2291 2324 2582 2401 δούλιον
2633 2322 2825 2425 ἦμαρ
2843 2387 2864 2414 ,

960 2456 1182 2543 τῆμος
1231 2442 1511 2543 ρι’γαλλέ
1514 2449 1671 2517 σθω
1715 2440 2097 2543 περιώσιον
2144 2442 2534 2540 Ἰσραῆλος.

1159 2684 1464 2776 Apparet
1511 2678 1618 2747 vel
1672 2703 1751 2746 ex
1795 2680 1928 2747 hoe
1975 2702 2111 2746 uno
2161 2677 2457 2759 Psalmo,
2508 2697 2775 2772 poetam
2828 2703 2979 2747 cum
3020 2682 3124 2747 in·-

969 2800 1139 2893 signi
1207 2796 1529 2890 elegantia
1587 2819 1896 2888 magnam
1947 2796 2347 2886 coniungere
2402 2792 2809 2887 diligentiam
2855 2799 2926 2862 in
2974 2822 3127 2865 sen-

969 2915 1190 2981 tentiis
1239 2911 1739 3004 psalmographi
1799 2907 2089 2976 fideliter
2154 2907 2554 2990 reddendis,
2630 2910 2722 2977 ita
2771 2928 2846 2977 ut
2909 2915 3128 2978 omnia

970 3029 1169 3095 evitet
1238 3022 1604 3117 α’λλότρια
1629 3076 1649 3107 ,
1724 3026 1967 3118 quibus
2030 3025 2299 3091 Patrum
2358 3023 2651 3091 Psalmos
2715 3026 3131 3092 tractantium

971 3142 1131 3208 libri
1184 3162 1336 3210 sunt
1398 3142 1660 3220 referti,
1733 3140 2140 3231 omninoque
2197 3133 2462 3205 sensum
2512 3164 2559 3205 s.
2604 3157 2785 3205 reete
2834 3164 2884 3204 s·
2939 3162 3131 3206 secus

978 3273 1329 3348 acceptum
1378 3255 1475 3321 sic
1527 3253 2127 3345 circumloquamur,
2199 3270 2273 3320 ut
2321 3255 2514 3321 arctis
2560 3277 2628 3318 se
2680 3251 2923 3320 finibus
2970 3277 3132 3322 con-

976 3372 1198 3436 tineat.
1301 3369 1439 3436 Sed
1490 3369 1707 3435 obiter
1753 3369 1922 3434 haec
1977 3365 2153 3433 dicta
2205 3387 2416 3435 sunto.
2514 3367 2787 3434 Maioris
2836 3370 2965 3433 iam
3012 3392 3132 3434 ne-

980 3485 1141 3579 gotii
1189 3501 1343 3576 post
1382 3484 1817 3574 interrogatos
1867 3498 2064 3548 testes
2114 3500 2215 3549 est
2259 3480 2376 3548 illa
2425 3484 2758 3575 quaestio,
2803 3486 2968 3551 sitne
3010 3510 3135 3579 pe·-

975 3601 1211 3691 rieopa
1254 3593 1507 3692 Τάφος
1535 3593 1713 3666 κτλ.
1779 3620 1971 3664 verae
2024 3614 2090 3663 et
2136 3598 2567 3692 primigeniae
2609 3599 2892 3681 Κοινῆς,
2962 3600 3030 3667 h.
3077 3625 3133 3667 e.

981 3713 1065 3779 ab
1115 3694 1278 3806 ipsis
1326 3713 1514 3777 LXX
1560 3710 1897 3804 profecta,
1941 3736 2027 3777 an
2074 3736 2113 3777 a
2157 3710 2445 3779 librariis
2490 3730 2739 3781 temere
2790 3712 3063 3781 adiecta.

1180 3828 1334 3895 Non
1366 3828 1584 3920 potuit
1619 3827 2014 3894 litteratores
2041 3826 2569 3894 Christianorum
2599 3830 2903 3920 antiquos
2932 3827 3138 3894 latere

982 3940 1170 4009 loeus
1241 3941 1553 4009 Paulinus
1612 3940 1800 4007 Rom.
1846 3942 1926 4022 3,
1978 3941 2084 4009 13.
2201 3939 2376 4009 Hinc
2446 3940 2686 4035 legiftur
2748 3945 2821 4009 in
2880 3942 3136 4008 Graeco

950 4053 1295 4123 'Scholioz
1357 4048 1692 4144 οὐδαμοῦ
1749 4056 2033 4123 κεῖνται
2075 4050 2218 4124 τῶν
2273 4052 2585 4141 ’ψαλμῶν
2635 4056 2769 4144 (sc.
2817 4044 3026 4122 οὗτοι
3066 4054 3140 4121 οἱ

990 4161 1312 4259 στίχοι,)
1363 4163 1593 4256 σἐόθεν
1642 4160 1723 4237 δὲ
1779 4167 1822 4235 ὁ
1871 4164 2320 4247 Ἀπόστολος
2363 4167 2654 4269 εἴληφεν
2703 4164 2972 4254 αιξτοὺς
3023 4163 3143 4255 ζη-

990 4279 1272 4364 τητέον.
1370 4285 1552 4353 Haec
1594 4303 1817 4353 tamen
1876 4282 2047 4351 male
2102 4284 2431 4376 quadrant
2479 4285 2562 4350 acl
2614 4286 2980 4353 testimonia
3035 4312 3140 4353 su-
