<?xml version="1.0" encoding="UTF-8"?>
<!DOCTYPE html PUBLIC "-//W3C//DTD XHTML 1.0 Transitional//EN"
    "http://www.w3.org/TR/xhtml1/DTD/xhtml1-transitional.dtd">
<html xmlns="http://www.w3.org/1999/xhtml" xml:lang="en" lang="en">
 <head>
  <title>
</title>
<meta http-equiv="Content-Type" content="text/html;charset=utf-8" />
  <meta name='ocr-system' content='tesseract 3.04.00' />
  <meta name='ocr-capabilities' content='ocr_page ocr_carea ocr_par ocr_line ocrx_word'/>
</head>
<body>
  <div class='ocr_page' id='page_1' title='image "./lectionesalexan00plgoog_0110.png"; bbox 0 0 3550 5167; ppageno 0'>
   <div class='ocr_carea' id='block_1_1' title="bbox 945 1261 2991 1599">
    <p class='ocr_par' dir='ltr' id='par_1_1' title="bbox 945 1261 2991 1599">
     <span class='ocr_line' id='line_1_1' title="bbox 1748 1261 2178 1381; baseline -0.002 -1"><span class='ocrx_word' id='word_1_1' title='bbox 1748 1313 1804 1380; x_wconf 87' lang='lat' dir='ltr'><strong>c</strong></span> <span class='ocrx_word' id='word_1_2' title='bbox 1852 1314 1913 1381; x_wconf 85' lang='lat' dir='ltr'><strong>A</strong></span> <span class='ocrx_word' id='word_1_3' title='bbox 1958 1314 2029 1381; x_wconf 86' lang='lat' dir='ltr'><strong>P.</strong></span> <span class='ocrx_word' id='word_1_4' title='bbox 2128 1261 2178 1380; x_wconf 61' lang='lat' dir='ltr'><strong>1ss</strong></span> 
     </span>
     <span class='ocr_line' id='line_1_2' title="bbox 945 1505 2991 1599; baseline 0.002 -26"><span class='ocrx_word' id='word_1_5' title='bbox 945 1505 1054 1574; x_wconf 87' lang='lat' dir='ltr'><strong>De</strong></span> <span class='ocrx_word' id='word_1_6' title='bbox 1097 1505 1429 1597; x_wconf 60' lang='lat' dir='ltr'><strong>peculiari</strong></span> <span class='ocrx_word' id='word_1_7' title='bbox 1474 1507 1705 1578; x_wconf 80' lang='lat' dir='ltr'><strong>indole</strong></span> <span class='ocrx_word' id='word_1_8' title='bbox 1752 1510 2080 1577; x_wconf 80' lang='lat' dir='ltr'><strong>Psalterii</strong></span> <span class='ocrx_word' id='word_1_9' title='bbox 2122 1508 2400 1599; x_wconf 80' lang='lat' dir='ltr'><em>Syriaci</em></span> <span class='ocrx_word' id='word_1_10' title='bbox 2443 1505 2991 1588; x_wconf 60' lang='lat' dir='ltr'><strong>Mediolanensi:</strong></span> 
     </span>
    </p>
   </div>
   <div class='ocr_carea' id='block_1_2' title="bbox 1311 1653 2618 1725">
    <p class='ocr_par' dir='ltr' id='par_1_2' title="bbox 1311 1653 2618 1725">
     <span class='ocr_line' id='line_1_3' title="bbox 1311 1653 2618 1725; baseline 0.002 -4"><span class='ocrx_word' id='word_1_11' title='bbox 1311 1653 1566 1722; x_wconf 79' lang='lat' dir='ltr'><strong>Critico</strong></span> <span class='ocrx_word' id='word_1_12' title='bbox 1619 1660 1693 1721; x_wconf 80' lang='lat' dir='ltr'><strong>in</strong></span> <span class='ocrx_word' id='word_1_13' title='bbox 1745 1660 2129 1724; x_wconf 74' lang='lat' dir='ltr'><strong>universum</strong></span> <span class='ocrx_word' id='word_1_14' title='bbox 2177 1654 2618 1725; x_wconf 78' lang='lat' dir='ltr'><strong>observanda.</strong></span> 
     </span>
    </p>
   </div>
   <div class='ocr_carea' id='block_1_3' title="bbox 875 2117 3034 2241">
    <p class='ocr_par' dir='ltr' id='par_1_3' title="bbox 875 2117 3034 2241">
     <span class='ocr_line' id='line_1_4' title="bbox 875 2117 3034 2241; baseline 0.006 -30"><span class='ocrx_word' id='word_1_15' title='bbox 875 2117 1015 2221; x_wconf 84' lang='lat' dir='ltr'><strong>De</strong></span> <span class='ocrx_word' id='word_1_16' title='bbox 1076 2146 1506 2240; x_wconf 85' lang='lat' dir='ltr'><strong>manuscripti</strong></span> <span class='ocrx_word' id='word_1_17' title='bbox 1552 2144 1821 2218; x_wconf 87' lang='lat' dir='ltr'><strong>Codicis</strong></span> <span class='ocrx_word' id='word_1_18' title='bbox 1886 2146 2140 2241; x_wconf 82' lang='lat' dir='ltr'><strong>Syriaci</strong></span> <span class='ocrx_word' id='word_1_19' title='bbox 2189 2144 2249 2233; x_wconf 79' lang='lat'><strong>*)</strong></span> <span class='ocrx_word' id='word_1_20' title='bbox 2313 2169 2579 2218; x_wconf 84' lang='lat' dir='ltr'><strong>externa</strong></span> <span class='ocrx_word' id='word_1_21' title='bbox 2640 2150 2810 2221; x_wconf 79' lang='lat' dir='ltr'><strong>facie</strong></span> <span class='ocrx_word' id='word_1_22' title='bbox 2859 2172 3034 2240; x_wconf 34' lang='lat' dir='ltr'><strong>toto*</strong></span> 
     </span>
    </p>
   </div>
   <div class='ocr_carea' id='block_1_4' title="bbox 875 2258 3115 2361">
    <p class='ocr_par' dir='ltr' id='par_1_4' title="bbox 875 2258 3115 2361">
     <span class='ocr_line' id='line_1_5' title="bbox 875 2258 3115 2361; baseline 0.002 -29"><span class='ocrx_word' id='word_1_23' title='bbox 875 2292 1007 2360; x_wconf 84' lang='lat' dir='ltr'><strong>que</strong></span> <span class='ocrx_word' id='word_1_24' title='bbox 1072 2265 1336 2347; x_wconf 84' lang='lat' dir='ltr'><strong>habitu,</strong></span> <span class='ocrx_word' id='word_1_25' title='bbox 1410 2286 1617 2355; x_wconf 86' lang='lat' dir='ltr'><strong>quum</strong></span> <span class='ocrx_word' id='word_1_26' title='bbox 1678 2258 1956 2348; x_wconf 74' lang='grc' dir='ltr'><strong>αὐτοψὶ</strong></span> <span class='ocrx_word' id='word_1_27' title='bbox 2016 2261 2310 2330; x_wconf 84' lang='lat' dir='ltr'><strong>iudicare</strong></span> <span class='ocrx_word' id='word_1_28' title='bbox 2374 2289 2744 2358; x_wconf 83' lang='lat' dir='ltr'><strong>nequeam,</strong></span> <span class='ocrx_word' id='word_1_29' title='bbox 2811 2294 3027 2361; x_wconf 87' lang='lat' dir='ltr'><strong>paene</strong></span> <span class='ocrx_word' id='word_1_30' title='bbox 3106 2296 3115 2306; x_wconf 93' lang='lat'><em>·</em></span> 
     </span>
    </p>
   </div>
   <div class='ocr_carea' id='block_1_5' title="bbox 862 2377 3032 3163">
    <p class='ocr_par' dir='ltr' id='par_1_5' title="bbox 862 2377 3032 3163">
     <span class='ocr_line' id='line_1_6' title="bbox 870 2377 3032 2472; baseline 0.003 -28"><span class='ocrx_word' id='word_1_31' title='bbox 870 2379 1039 2445; x_wconf 81' lang='lat' dir='ltr'>nihil</span> <span class='ocrx_word' id='word_1_32' title='bbox 1086 2381 1251 2444; x_wconf 86' lang='lat' dir='ltr'><strong>mihi</strong></span> <span class='ocrx_word' id='word_1_33' title='bbox 1299 2379 1623 2469; x_wconf 80' lang='lat' dir='ltr'><strong>suppetit,</strong></span> <span class='ocrx_word' id='word_1_34' title='bbox 1687 2377 1872 2469; x_wconf 82' lang='lat' dir='ltr'><strong>quod</strong></span> <span class='ocrx_word' id='word_1_35' title='bbox 1921 2377 2282 2446; x_wconf 86' lang='lat' dir='ltr'><strong>lectoribus</strong></span> <span class='ocrx_word' id='word_1_36' title='bbox 2335 2403 2678 2472; x_wconf 85' lang='lat' dir='ltr'><strong>exponam.</strong></span> <span class='ocrx_word' id='word_1_37' title='bbox 2774 2382 3032 2450; x_wconf 83' lang='lat' dir='ltr'><strong>Laudat</strong></span> 
     </span>
     <span class='ocr_line' id='line_1_7' title="bbox 873 2490 3029 2586; baseline 0.003 -28"><span class='ocrx_word' id='word_1_38' title='bbox 873 2494 1011 2559; x_wconf 90' lang='lat' dir='ltr'><strong>eius</strong></span> <span class='ocrx_word' id='word_1_39' title='bbox 1060 2495 1554 2585; x_wconf 85' lang='lat' dir='ltr'><strong>praestantiam,</strong></span> <span class='ocrx_word' id='word_1_40' title='bbox 1625 2495 1742 2585; x_wconf 83' lang='lat' dir='ltr'><strong>qui</strong></span> <span class='ocrx_word' id='word_1_41' title='bbox 1784 2490 2079 2558; x_wconf 84' lang='lat' dir='ltr'><strong>Editioni</strong></span> <span class='ocrx_word' id='word_1_42' title='bbox 2138 2493 2472 2586; x_wconf 87' lang='lat' dir='ltr'><strong>praefatus</strong></span> <span class='ocrx_word' id='word_1_43' title='bbox 2523 2514 2651 2579; x_wconf 91' lang='lat' dir='ltr'><strong>est,</strong></span> <span class='ocrx_word' id='word_1_44' title='bbox 2725 2498 3029 2564; x_wconf 88' lang='lat' dir='ltr'><strong>Petrus</strong></span> 
     </span>
     <span class='ocr_line' id='line_1_8' title="bbox 871 2606 3028 2708; baseline 0.003 -34"><span class='ocrx_word' id='word_1_45' title='bbox 871 2608 1282 2700; x_wconf 84' lang='lat' dir='ltr'><strong>Cighera,</strong></span> <span class='ocrx_word' id='word_1_46' title='bbox 1332 2606 1782 2675; x_wconf 78' lang='lat' dir='ltr'><strong>Bibliothecae</strong></span> <span class='ocrx_word' id='word_1_47' title='bbox 1831 2608 2307 2676; x_wconf 86' lang='lat' dir='ltr'><strong>Ambrosianae</strong></span> <span class='ocrx_word' id='word_1_48' title='bbox 2350 2610 2764 2692; x_wconf 82' lang='lat' dir='ltr'><strong>Praefectus,</strong></span> <span class='ocrx_word' id='word_1_49' title='bbox 2808 2637 2846 2678; x_wconf 86' lang='lat' dir='ltr'><strong>a</strong></span> <span class='ocrx_word' id='word_1_50' title='bbox 2889 2635 3028 2708; x_wconf 76' lang='lat' dir='ltr'><strong>quo</strong></span> 
     </span>
     <span class='ocr_line' id='line_1_9' title="bbox 870 2720 3029 2820; baseline 0.002 -32"><span class='ocrx_word' id='word_1_51' title='bbox 870 2720 1222 2805; x_wconf 83' lang='lat' dir='ltr'><strong>discimus,</strong></span> <span class='ocrx_word' id='word_1_52' title='bbox 1292 2747 1457 2816; x_wconf 88' lang='lat' dir='ltr'><strong>opus</strong></span> <span class='ocrx_word' id='word_1_53' title='bbox 1524 2724 1653 2788; x_wconf 88' lang='lat' dir='ltr'><strong>iam</strong></span> <span class='ocrx_word' id='word_1_54' title='bbox 1708 2722 1979 2816; x_wconf 85' lang='lat' dir='ltr'><strong>pridem</strong></span> <span class='ocrx_word' id='word_1_55' title='bbox 2034 2723 2122 2789; x_wconf 89' lang='lat' dir='ltr'><strong>ad</strong></span> <span class='ocrx_word' id='word_1_56' title='bbox 2170 2725 2559 2791; x_wconf 80' lang='lat' dir='ltr'><strong>umbilicum</strong></span> <span class='ocrx_word' id='word_1_57' title='bbox 2607 2726 2808 2793; x_wconf 87' lang='lat' dir='ltr'><strong>fuisse</strong></span> <span class='ocrx_word' id='word_1_58' title='bbox 2867 2753 3029 2820; x_wconf 85' lang='lat' dir='ltr'><strong>per-</strong></span> 
     </span>
     <span class='ocr_line' id='line_1_10' title="bbox 866 2835 3028 2934; baseline 0.001 -31"><span class='ocrx_word' id='word_1_59' title='bbox 866 2835 1140 2905; x_wconf 85' lang='lat' dir='ltr'><strong>ductum</strong></span> <span class='ocrx_word' id='word_1_60' title='bbox 1189 2856 1255 2905; x_wconf 88' lang='lat' dir='ltr'><strong>et</strong></span> <span class='ocrx_word' id='word_1_61' title='bbox 1291 2836 1484 2932; x_wconf 88' lang='lat' dir='ltr'><strong>prelo</strong></span> <span class='ocrx_word' id='word_1_62' title='bbox 1538 2839 1998 2919; x_wconf 87' lang='lat' dir='ltr'><strong>commissum,</strong></span> <span class='ocrx_word' id='word_1_63' title='bbox 2064 2837 2365 2931; x_wconf 87' lang='lat' dir='ltr'><strong>nihilque</strong></span> <span class='ocrx_word' id='word_1_64' title='bbox 2428 2839 2752 2923; x_wconf 87' lang='lat' dir='ltr'><strong>defuisse,</strong></span> <span class='ocrx_word' id='word_1_65' title='bbox 2828 2864 3028 2934; x_wconf 84' lang='lat' dir='ltr'><strong>quam</strong></span> 
     </span>
     <span class='ocr_line' id='line_1_11' title="bbox 863 2952 3027 3047; baseline 0.001 -29"><span class='ocrx_word' id='word_1_66' title='bbox 863 2953 1290 3047; x_wconf 83' lang='lat' dir='ltr'><strong>praefationis</strong></span> <span class='ocrx_word' id='word_1_67' title='bbox 1340 2952 1836 3021; x_wconf 86' lang='lat' dir='ltr'><strong>concinnandae</strong></span> <span class='ocrx_word' id='word_1_68' title='bbox 1885 2977 2146 3037; x_wconf 81' lang='lat' dir='ltr'><strong>euram3</strong></span> <span class='ocrx_word' id='word_1_69' title='bbox 2220 2952 2402 3021; x_wconf 88' lang='lat' dir='ltr'><strong>idem</strong></span> <span class='ocrx_word' id='word_1_70' title='bbox 2451 2955 2776 3023; x_wconf 85' lang='lat' dir='ltr'><strong>facturum</strong></span> <span class='ocrx_word' id='word_1_71' title='bbox 2823 2955 3027 3021; x_wconf 83' lang='lat' dir='ltr'><strong>fuisse</strong></span> 
     </span>
     <span class='ocr_line' id='line_1_12' title="bbox 862 3066 3024 3163; baseline 0 -29"><span class='ocrx_word' id='word_1_72' title='bbox 862 3069 1273 3161; x_wconf 84' lang='lat' dir='ltr'><strong>Bugatum</strong></span> <span class='ocrx_word' id='word_1_73' title='bbox 1335 3072 1406 3137; x_wconf 88' lang='lat' dir='ltr'><strong>in</strong></span> <span class='ocrx_word' id='word_1_74' title='bbox 1459 3069 1732 3137; x_wconf 89' lang='lat' dir='ltr'><strong>Psalmis</strong></span> <span class='ocrx_word' id='word_1_75' title='bbox 1764 3122 1788 3152; x_wconf 94' lang='lat'><strong>,</strong></span> <span class='ocrx_word' id='word_1_76' title='bbox 1873 3067 2058 3163; x_wconf 88' lang='lat' dir='ltr'><strong>quod</strong></span> <span class='ocrx_word' id='word_1_77' title='bbox 2117 3072 2188 3136; x_wconf 88' lang='lat' dir='ltr'><strong>in</strong></span> <span class='ocrx_word' id='word_1_78' title='bbox 2251 3070 2512 3138; x_wconf 83' lang='lat' dir='ltr'><strong>edendo</strong></span> <span class='ocrx_word' id='word_1_79' title='bbox 2571 3069 2845 3138; x_wconf 87' lang='lat' dir='ltr'><strong>Daniele</strong></span> <span class='ocrx_word' id='word_1_80' title='bbox 2912 3066 3024 3157; x_wconf 79' lang='lat'><strong>**)</strong></span> 
     </span>
    </p>
   </div>
   <div class='ocr_carea' id='block_1_6' title="bbox 928 3320 3023 3654">
    <p class='ocr_par' dir='ltr' id='par_1_6' title="bbox 928 3320 3023 3654">
     <span class='ocr_line' id='line_1_13' title="bbox 928 3320 3023 3396; baseline 0.001 -23"><span class='ocrx_word' id='word_1_81' title='bbox 928 3320 985 3393; x_wconf 70' lang='lat'><strong>²⁹²)</strong></span> <span class='ocrx_word' id='word_1_82' title='bbox 1039 3322 1120 3375; x_wconf 87' lang='lat' dir='ltr'><strong>De</strong></span> <span class='ocrx_word' id='word_1_83' title='bbox 1165 3323 1382 3374; x_wconf 80' lang='lat' dir='ltr'><strong>Psalmis</strong></span> <span class='ocrx_word' id='word_1_84' title='bbox 1428 3322 1521 3372; x_wconf 82' lang='lat' dir='ltr'><strong>hic</strong></span> <span class='ocrx_word' id='word_1_85' title='bbox 1556 3324 1752 3392; x_wconf 82' lang='lat' dir='ltr'><strong>agitur.</strong></span> <span class='ocrx_word' id='word_1_86' title='bbox 1827 3321 1933 3396; x_wconf 81' lang='lat' dir='ltr'><strong>Sed</strong></span> <span class='ocrx_word' id='word_1_87' title='bbox 1967 3323 2161 3374; x_wconf 72' lang='lat' dir='ltr'><strong>Versio</strong></span> <span class='ocrx_word' id='word_1_88' title='bbox 2198 3323 2418 3391; x_wconf 80' lang='lat' dir='ltr'><strong>Syriaca</strong></span> <span class='ocrx_word' id='word_1_89' title='bbox 2482 3322 2550 3375; x_wconf 83' lang='lat' dir='ltr'><strong>de</strong></span> <span class='ocrx_word' id='word_1_90' title='bbox 2587 3323 2795 3376; x_wconf 83' lang='lat' dir='ltr'><strong>Graeco</strong></span> <span class='ocrx_word' id='word_1_91' title='bbox 2843 3323 3023 3386; x_wconf 79' lang='lat' dir='ltr'><strong>facta,</strong></span> 
     </span>
     <span class='ocr_line' id='line_1_14' title="bbox 1071 3406 3023 3478; baseline 0.001 -20"><span class='ocrx_word' id='word_1_92' title='bbox 1071 3424 1212 3477; x_wconf 82' lang='lat' dir='ltr'><strong>quae</strong></span> <span class='ocrx_word' id='word_1_93' title='bbox 1239 3406 1541 3459; x_wconf 81' lang='lat' dir='ltr'><strong>Mediolani</strong></span> <span class='ocrx_word' id='word_1_94' title='bbox 1580 3407 1635 3460; x_wconf 86' lang='lat' dir='ltr'><strong>in</strong></span> <span class='ocrx_word' id='word_1_95' title='bbox 1678 3406 2019 3459; x_wconf 82' lang='lat' dir='ltr'><strong>Bibliotheca</strong></span> <span class='ocrx_word' id='word_1_96' title='bbox 2046 3408 2403 3461; x_wconf 82' lang='lat' dir='ltr'><strong>Ambrosiana</strong></span> <span class='ocrx_word' id='word_1_97' title='bbox 2442 3418 2774 3472; x_wconf 80' lang='lat' dir='ltr'><strong>asservatur,</strong></span> <span class='ocrx_word' id='word_1_98' title='bbox 2809 3417 3023 3478; x_wconf 82' lang='lat' dir='ltr'><strong>praeter</strong></span> 
     </span>
     <span class='ocr_line' id='line_1_15' title="bbox 1065 3493 3023 3560; baseline -0.001 -12"><span class='ocrx_word' id='word_1_99' title='bbox 1065 3497 1302 3548; x_wconf 79' lang='lat' dir='ltr'><strong>Psalmos</strong></span> <span class='ocrx_word' id='word_1_100' title='bbox 1354 3496 1516 3547; x_wconf 88' lang='lat' dir='ltr'><strong>etiam</strong></span> <span class='ocrx_word' id='word_1_101' title='bbox 1569 3493 1796 3556; x_wconf 88' lang='lat' dir='ltr'><strong>Iobum,</strong></span> <span class='ocrx_word' id='word_1_102' title='bbox 1862 3494 2178 3558; x_wconf 76' lang='lat' dir='ltr'><strong>proverbia,</strong></span> <span class='ocrx_word' id='word_1_103' title='bbox 2244 3496 2641 3560; x_wconf 83' lang='lat' dir='ltr'><strong>Ecclesiasten,</strong></span> <span class='ocrx_word' id='word_1_104' title='bbox 2706 3497 3023 3559; x_wconf 81' lang='lat' dir='ltr'><strong>Canticum,</strong></span> 
     </span>
     <span class='ocr_line' id='line_1_16' title="bbox 992 3563 3020 3654; baseline 0 -21"><span class='ocrx_word' id='word_1_105' title='bbox 992 3563 998 3626; x_wconf 64' lang='lat'><strong>³,</strong></span> <span class='ocrx_word' id='word_1_106' title='bbox 1069 3582 1118 3633; x_wconf 82' lang='grc' dir='ltr'><strong>Τ</strong></span> <span class='ocrx_word' id='word_1_107' title='bbox 1123 3583 1351 3645; x_wconf 81' lang='lat' dir='ltr'><strong>hrenos,</strong></span> <span class='ocrx_word' id='word_1_108' title='bbox 1400 3582 1662 3644; x_wconf 77' lang='lat' dir='ltr'><strong>lesaiam,</strong></span> <span class='ocrx_word' id='word_1_109' title='bbox 1712 3581 1999 3633; x_wconf 83' lang='lat' dir='ltr'><strong>Danielem</strong></span> <span class='ocrx_word' id='word_1_110' title='bbox 2041 3590 2095 3654; x_wconf 74' lang='lat' dir='ltr'><strong>et</strong></span> <span class='ocrx_word' id='word_1_111' title='bbox 2133 3581 2422 3651; x_wconf 78' lang='lat' dir='ltr'><strong>Prophetas</strong></span> <span class='ocrx_word' id='word_1_112' title='bbox 2460 3583 2557 3633; x_wconf 86' lang='grc' dir='ltr'><strong>ΧΠ</strong></span> <span class='ocrx_word' id='word_1_113' title='bbox 2597 3583 2832 3634; x_wconf 79' lang='lat' dir='ltr'><strong>minores</strong></span> <span class='ocrx_word' id='word_1_114' title='bbox 2867 3598 3020 3633; x_wconf 81' lang='lat' dir='ltr'><strong>com-</strong></span> 
     </span>
    </p>
   </div>
   <div class='ocr_carea' id='block_1_7' title="bbox 1063 3667 3109 3741">
    <p class='ocr_par' dir='ltr' id='par_1_7' title="bbox 1063 3667 3109 3741">
     <span class='ocr_line' id='line_1_17' title="bbox 1063 3667 3109 3741; baseline 0 -20"><span class='ocrx_word' id='word_1_115' title='bbox 1063 3672 1347 3741; x_wconf 81' lang='lat' dir='ltr'><strong>plectitur.</strong></span> <span class='ocrx_word' id='word_1_116' title='bbox 1424 3668 1690 3721; x_wconf 79' lang='lat' dir='ltr'><strong>Videatur</strong></span> <span class='ocrx_word' id='word_1_117' title='bbox 1727 3667 1773 3717; x_wconf 85' lang='lat' dir='ltr'><strong>H</strong></span> <span class='ocrx_word' id='word_1_118' title='bbox 1793 3683 1872 3718; x_wconf 88' lang='lat' dir='ltr'><strong>en</strong></span> <span class='ocrx_word' id='word_1_119' title='bbox 1888 3685 1928 3718; x_wconf 86' lang='lat' dir='ltr'><strong>r.</strong></span> <span class='ocrx_word' id='word_1_120' title='bbox 1967 3669 2023 3719; x_wconf 89' lang='lat' dir='ltr'>M</span> <span class='ocrx_word' id='word_1_121' title='bbox 2042 3670 2060 3719; x_wconf 81' lang='lat' dir='ltr'><strong>i</strong></span> <span class='ocrx_word' id='word_1_122' title='bbox 2077 3668 2110 3720; x_wconf 81' lang='lat' dir='ltr'><strong>d</strong></span> <span class='ocrx_word' id='word_1_123' title='bbox 2127 3668 2157 3718; x_wconf 95' lang='lat' dir='ltr'><strong>d</strong></span> <span class='ocrx_word' id='word_1_124' title='bbox 2175 3686 2204 3719; x_wconf 91' lang='lat' dir='ltr'><strong>e</strong></span> <span class='ocrx_word' id='word_1_125' title='bbox 2221 3669 2287 3720; x_wconf 90' lang='lat' dir='ltr'><strong>ld</strong></span> <span class='ocrx_word' id='word_1_126' title='bbox 2304 3684 2335 3718; x_wconf 91' lang='grc' dir='ltr'><strong>ο</strong></span> <span class='ocrx_word' id='word_1_127' title='bbox 2355 3686 2380 3718; x_wconf 85' lang='grc' dir='ltr'><strong>ι·</strong></span> <span class='ocrx_word' id='word_1_128' title='bbox 2395 3686 2430 3737; x_wconf 89' lang='lat' dir='ltr'><strong>p</strong></span> <span class='ocrx_word' id='word_1_129' title='bbox 2446 3668 2495 3731; x_wconf 84' lang='lat' dir='ltr'><strong>s,</strong></span> <span class='ocrx_word' id='word_1_130' title='bbox 2539 3668 2716 3722; x_wconf 79' lang='lat' dir='ltr'><strong>Curae</strong></span> <span class='ocrx_word' id='word_1_131' title='bbox 2751 3668 3020 3739; x_wconf 72' lang='lat' dir='ltr'><strong>hexapla-</strong></span> <span class='ocrx_word' id='word_1_132' title='bbox 3104 3684 3109 3690; x_wconf 85' lang='grc'><em>·</em></span> 
     </span>
    </p>
   </div>
   <div class='ocr_carea' id='block_1_8' title="bbox 1063 3750 3022 3915">
    <p class='ocr_par' dir='ltr' id='par_1_8' title="bbox 1063 3750 3022 3915">
     <span class='ocr_line' id='line_1_18' title="bbox 1063 3750 3022 3823; baseline -0.003 -13"><span class='ocrx_word' id='word_1_133' title='bbox 1063 3775 1153 3810; x_wconf 80' lang='lat' dir='ltr'><strong>res</strong></span> <span class='ocrx_word' id='word_1_134' title='bbox 1191 3759 1254 3810; x_wconf 86' lang='lat' dir='ltr'><strong>in</strong></span> <span class='ocrx_word' id='word_1_135' title='bbox 1282 3755 1489 3818; x_wconf 84' lang='lat' dir='ltr'><strong>Iobum,</strong></span> <span class='ocrx_word' id='word_1_136' title='bbox 1531 3750 1888 3807; x_wconf 79' lang='lat' dir='ltr'><strong>Vratislaviae</strong></span> <span class='ocrx_word' id='word_1_137' title='bbox 1922 3757 2066 3823; x_wconf 83' lang='lat'>1817.</span> <span class='ocrx_word' id='word_1_138' title='bbox 2111 3755 2374 3820; x_wconf 82' lang='lat' dir='ltr'><strong>Praefat.,</strong></span> <span class='ocrx_word' id='word_1_139' title='bbox 2412 3763 2467 3806; x_wconf 89' lang='lat' dir='ltr'><strong>et</strong></span> <span class='ocrx_word' id='word_1_140' title='bbox 2499 3765 2744 3807; x_wconf 82' lang='lat' dir='ltr'><strong>auctores</strong></span> <span class='ocrx_word' id='word_1_141' title='bbox 2781 3752 2863 3807; x_wconf 89' lang='lat' dir='ltr'><strong>ibi</strong></span> <span class='ocrx_word' id='word_1_142' title='bbox 2901 3755 3022 3805; x_wconf 86' lang='lat' dir='ltr'><strong>lau-</strong></span> 
     </span>
     <span class='ocr_line' id='line_1_19' title="bbox 1064 3840 3018 3915; baseline -0.003 -19"><span class='ocrx_word' id='word_1_143' title='bbox 1064 3844 1211 3906; x_wconf 79' lang='lat' dir='ltr'><strong>dati,</strong></span> <span class='ocrx_word' id='word_1_144' title='bbox 1265 3845 1585 3897; x_wconf 86' lang='lat' dir='ltr'><strong>nominatim</strong></span> <span class='ocrx_word' id='word_1_145' title='bbox 1622 3842 1944 3895; x_wconf 88' lang='lat' dir='ltr'><strong>Eichhornii</strong></span> <span class='ocrx_word' id='word_1_146' title='bbox 1982 3843 2204 3915; x_wconf 79' lang='lat' dir='ltr'><strong>Allgem.</strong></span> <span class='ocrx_word' id='word_1_147' title='bbox 2245 3841 2562 3895; x_wconf 87' lang='lat' dir='ltr'><strong>Bibliothek</strong></span> <span class='ocrx_word' id='word_1_148' title='bbox 2597 3840 2693 3895; x_wconf 84' lang='lat' dir='ltr'><strong>der</strong></span> <span class='ocrx_word' id='word_1_149' title='bbox 2728 3841 2864 3895; x_wconf 85' lang='lat' dir='ltr'><strong>bibl.</strong></span> <span class='ocrx_word' id='word_1_150' title='bbox 2900 3840 3018 3893; x_wconf 86' lang='lat' dir='ltr'><strong>Lit-</strong></span> 
     </span>
    </p>
   </div>
   <div class='ocr_carea' id='block_1_9' title="bbox 926 3931 3018 4363">
    <p class='ocr_par' dir='ltr' id='par_1_9' title="bbox 1067 3931 1684 4000">
     <span class='ocr_line' id='line_1_20' title="bbox 1067 3931 1684 4000; baseline -0.002 -20"><span class='ocrx_word' id='word_1_151' title='bbox 1067 3938 1169 3983; x_wconf 83' lang='lat' dir='ltr'><strong>ter.</strong></span> <span class='ocrx_word' id='word_1_152' title='bbox 1207 3931 1367 3984; x_wconf 78' lang='lat' dir='ltr'><strong>Tom-</strong></span> <span class='ocrx_word' id='word_1_153' title='bbox 1403 3931 1445 3989; x_wconf 80' lang='lat'><strong>1,</strong></span> <span class='ocrx_word' id='word_1_154' title='bbox 1481 3948 1532 4000; x_wconf 88' lang='lat' dir='ltr'><strong>p.</strong></span> <span class='ocrx_word' id='word_1_155' title='bbox 1564 3934 1684 3998; x_wconf 82' lang='lat'><strong>837.</strong></span> 
     </span>
    </p>

    <p class='ocr_par' dir='ltr' id='par_1_10' title="bbox 926 4013 3018 4363">
     <span class='ocr_line' id='line_1_21' title="bbox 926 4013 3017 4108; baseline -0.005 -21"><span class='ocrx_word' id='word_1_156' title='bbox 926 4034 1011 4106; x_wconf 58' lang='grc' dir='ltr'><strong>*ἢ</strong></span> <span class='ocrx_word' id='word_1_157' title='bbox 1044 4034 1258 4087; x_wconf 77' lang='lat' dir='ltr'><strong>Daniel</strong></span> <span class='ocrx_word' id='word_1_158' title='bbox 1305 4032 1597 4090; x_wconf 79' lang='lat' dir='ltr'><strong>secundum</strong></span> <span class='ocrx_word' id='word_1_159' title='bbox 1637 4032 1792 4087; x_wconf 75' lang='lat' dir='ltr'><strong>Edit.</strong></span> <span class='ocrx_word' id='word_1_160' title='bbox 1843 4034 2007 4086; x_wconf 87' lang='lat' dir='ltr'><strong>LXX</strong></span> <span class='ocrx_word' id='word_1_161' title='bbox 2054 4034 2184 4085; x_wconf 74' lang='lat' dir='ltr'><strong>Inte.</strong></span> <span class='ocrx_word' id='word_1_162' title='bbox 2241 4048 2309 4108; x_wconf 72' lang='lat' dir='ltr'><strong>ex</strong></span> <span class='ocrx_word' id='word_1_163' title='bbox 2359 4013 2641 4101; x_wconf 72' lang='lat' dir='ltr'><strong>Tetraplis</strong></span> <span class='ocrx_word' id='word_1_164' title='bbox 2685 4026 3017 4095; x_wconf 73' lang='lat' dir='ltr'><strong>desumptam</strong></span> 
     </span>
     <span class='ocr_line' id='line_1_22' title="bbox 1063 4110 3017 4190; baseline -0.004 -17"><span class='ocrx_word' id='word_1_165' title='bbox 1063 4137 1133 4173; x_wconf 76' lang='lat' dir='ltr'><strong>ex</strong></span> <span class='ocrx_word' id='word_1_166' title='bbox 1172 4120 1302 4177; x_wconf 82' lang='lat' dir='ltr'><strong>cod.</strong></span> <span class='ocrx_word' id='word_1_167' title='bbox 1337 4124 1522 4190; x_wconf 80' lang='lat' dir='ltr'><strong>Syro·</strong></span> <span class='ocrx_word' id='word_1_168' title='bbox 1543 4119 1917 4190; x_wconf 65' lang='lat' dir='ltr'><strong>Extranghelo</strong></span> <span class='ocrx_word' id='word_1_169' title='bbox 1972 4117 2226 4171; x_wconf 78' lang='lat' dir='ltr'><strong>Biblioeh.</strong></span> <span class='ocrx_word' id='word_1_170' title='bbox 2265 4117 2501 4170; x_wconf 67' lang='lat' dir='ltr'><strong>Ambe-os.</strong></span> <span class='ocrx_word' id='word_1_171' title='bbox 2541 4116 2770 4181; x_wconf 70' lang='lat' dir='ltr'><strong>Syriaca</strong></span> <span class='ocrx_word' id='word_1_172' title='bbox 2805 4110 3017 4175; x_wconf 72' lang='lat' dir='ltr'><strong>edidit,</strong></span> 
     </span>
     <span class='ocr_line' id='line_1_23' title="bbox 1065 4199 3018 4279; baseline -0.005 -20"><span class='ocrx_word' id='word_1_173' title='bbox 1065 4207 1260 4259; x_wconf 76' lang='lat' dir='ltr'><strong>Latine</strong></span> <span class='ocrx_word' id='word_1_174' title='bbox 1296 4210 1499 4268; x_wconf 80' lang='lat' dir='ltr'><strong>vertit,</strong></span> <span class='ocrx_word' id='word_1_175' title='bbox 1532 4207 1885 4279; x_wconf 79' lang='lat' dir='ltr'><strong>praefatione</strong></span> <span class='ocrx_word' id='word_1_176' title='bbox 1925 4207 2177 4277; x_wconf 68' lang='lat' dir='ltr'><strong>notisque</strong></span> <span class='ocrx_word' id='word_1_177' title='bbox 2225 4206 2345 4259; x_wconf 73' lang='lat' dir='ltr'><strong>crit.</strong></span> <span class='ocrx_word' id='word_1_178' title='bbox 2382 4202 2691 4258; x_wconf 72' lang='lat' dir='ltr'><strong>illustravit</strong></span> <span class='ocrx_word' id='word_1_179' title='bbox 2731 4199 2788 4251; x_wconf 84' lang='lat' dir='ltr'><strong>C·</strong></span> <span class='ocrx_word' id='word_1_180' title='bbox 2824 4199 3018 4269; x_wconf 76' lang='lat' dir='ltr'><strong>Ruga-</strong></span> 
     </span>
     <span class='ocr_line' id='line_1_24' title="bbox 1063 4291 1742 4363; baseline -0.001 -18"><span class='ocrx_word' id='word_1_181' title='bbox 1063 4305 1170 4346; x_wconf 71' lang='grc' dir='ltr'><strong>ιω.</strong></span> <span class='ocrx_word' id='word_1_182' title='bbox 1241 4291 1556 4349; x_wconf 72' lang='lat' dir='ltr'><strong>Meda&#39;olani</strong></span> <span class='ocrx_word' id='word_1_183' title='bbox 1598 4295 1742 4363; x_wconf 80' lang='lat'><strong>1788.</strong></span> 
     </span>
    </p>
   </div>
   <div class='ocr_carea' id='block_1_10' title="bbox 3462 1343 3472 1898">
    <p class='ocr_par' dir='ltr' id='par_1_11' title="bbox 3462 1343 3472 1898">
     <span class='ocr_line' id='line_1_25' title="bbox 3462 1343 3472 1898; baseline 0 0"><span class='ocrx_word' id='word_1_184' title='bbox 3462 1343 3472 1898; x_wconf 95' lang='lat' dir='ltr'><strong> </strong></span> 
     </span>
    </p>
   </div>
   <div class='ocr_carea' id='block_1_11' title="bbox 3462 2883 3472 3600">
    <p class='ocr_par' dir='ltr' id='par_1_12' title="bbox 3462 2883 3472 3600">
     <span class='ocr_line' id='line_1_26' title="bbox 3462 2883 3472 3600; baseline 0 0"><span class='ocrx_word' id='word_1_185' title='bbox 3462 2883 3472 3600; x_wconf 95' lang='lat' dir='ltr'><strong> </strong></span> 
     </span>
    </p>
   </div>
  </div>
 </body>
</html>
