3550 5167
975 499 1071 572 32
1669 501 1832 597 Cap.
1886 501 1993 578 II.
2037 502 2423 597 Specimina

976 701 1045 772 Τ
1034 698 1248 794 aphos
1292 720 1759 793 aneogmenos
2105 699 2501 798 Sepulcrum
2541 717 2790 796 patens
2841 720 2947 773 est

1172 840 1214 883 ο
1264 816 1524 908 larynx
1570 834 1790 899 auton
2299 835 2542 910 guttur
2591 843 2860 901 eorum,-

977 931 1049 1000 T
1036 956 1110 998 es
1130 931 1390 1023 gloss-es
1414 948 1630 998 auton
1648 931 2003 1002 edoliusan
2101 932 2355 1025 linguis
2378 939 2515 1001 suis
2542 933 2778 1003 dolose
2802 933 3130 1029 agebant;

976 1047 1098 1117 Ios
1149 1045 1469 1148 aspidon‘-
1492 1071 1643 1139 ypo
1705 1064 1782 1120 ta
1830 1048 2000 1116 chile
2100 1072 2432 1134 venenum
2477 1050 2787 1143 aspidum
2853 1050 2974 1118 sub
3021 1047 3123 1117 la·

1172 1178 1389 1229 auton
1449 1195 1456 1206 ·
2302 1162 2430 1232 biis
2478 1189 2710 1234 eorum
2726 1191 2747 1233 e

974 1273 1099 1349 An
1148 1293 1221 1345 to
1269 1293 1523 1346 stomat
1574 1293 1792 1346 auton
1831 1281 2019 1369 gemi
2110 1299 2394 1373 quorum
2450 1303 2530 1348 os
2591 1280 3135 1351 maledictionem

1172 1418 1251 1461 ee
1277 1398 1578 1487 ‘pict-ias,
2110 1412 2181 1464 et
2263 1379 2789 1465 amaritudinem
2857 1398 3134 1491 plenum

2297 1527 2403 1577 est
2421 1538 2448 1590 ,-

887 1681 895 1690 .
979 1624 1177 1716 Oxys
1207 1648 1272 1716 y
1314 1623 1529 1717 podes
1576 1640 1794 1692 auton
2106 1623 2362 1692 veloces
2405 1626 2616 1718 pedes
2663 1650 2896 1695 eorum

999 1815 1004 1820 .
1172 1742 1233 1806 is
1281 1738 1672 1806 ecceclziene
1730 1751 1816 1806 to*
1853 1760 2004 1806 ema
2099 1736 2197 1805 ad
2207 1739 2690 1829 effundendum
2702 1746 3128 1834 sanguinem.

973 1854 1397 1947 Syntrimma
1446 1878 1520 1920 ce
1572 1853 1909 1946 taleporia
2105 1854 2424 1922 Contrito
2475 1852 2573 1945 [Ρ]
2626 1874 2696 1924 et
2749 1858 3129 1945 infelicitas

1165 1995 1254 2036 en
1297 1986 1402 2036 tes
1444 1968 1616 2061 odys
1661 1986 1931 2046 auton„
2293 1974 2368 2034 in
2416 1975 2543 2037 viis
2591 1995 2824 2039 eorum
2833 1998 2859 2051 ,-

973 2083 1070 2153 Ce
1096 2084 1282 2152 odon
1310 2089 1538 2152 irenes
1568 2108 1653 2152 ue
1679 2096 2011 2177 egnosan⁸
2091 2099 2162 2152 et
2213 2086 2392 2152 viam
2432 2091 2625 2177 pacis
2674 2110 2819 2154 non
2868 2109 3129 2180 eogno-

2279 2216 2521 2266 verunt
2537 2224 2559 2263 .-

973 2317 1072 2386 Ue
1118 2317 1297 2402 estin
1333 2310 1592 2410 phobos
1633 2313 1822 2386 Thea
2090 2336 2235 2381 non
2285 2331 2388 2381 est
2438 2319 2641 2381 timor
2680 2313 2801 2382 dei

1160 2436 1497 2524 apenanti
1528 2448 1652 2510 ton
1686 2425 1995 2523 ophthal-
2090 2445 2259 2498 ante
2309 2430 2536 2498 oculos
2584 2453 2833 2498 eorum.

1360 2569 1521 2650 mon
1569 2562 1804 2613 auton.

1155 2779 1236 2846 In
1284 2779 1418 2849 hoe
1477 2779 1843 2874 specimine
1910 2771 2126 2847 obiter
2173 2797 2413 2846 moneo
2429 2827 2450 2859 ,
2519 2791 2770 2847 textum
2817 2779 3122 2849 Latinum

963 2889 1235 2962 Codicis
1299 2920 1438 2964 non
1506 2913 1731 2963 exacte
1782 2893 2040 2962 Graeco
2101 2891 2552 2988 respondere,
2620 2891 2742 2962 sed
2789 2913 2862 2964 ut
2906 2893 3122 2988 pluri-

959 3033 1143 3076 mum
1210 3012 1565 3080 convenire
1644 3034 1799 3076 cum
1866 3009 2251 3102 Augustino.
2379 3011 2793 3103 Quamquam
2860 3009 2933 3074 in
3004 3008 3119 3074 illa

956 3125 1283 3217 pericopa
1329 3126 1600 3192 omnino
1652 3142 2018 3202 consonant
2057 3122 2370 3190 Psalteria
2419 3124 2682 3206 Latina,
2751 3124 2880 3190 nisi
2932 3121 3119 3215 quod
3157 3147 3162 3153 ·

875 3235 880 3244 ’
956 3237 1201 3303 rectius
1248 3237 1499 3305 habent
1547 3236 2024 3303 maledictione
2043 3284 2070 3311 ,
2119 3236 2619 3314 amaritudine,
2672 3240 3016 3305 contritio.
3118 3278 3123 3284 ι

1151 3349 1370 3419 Habet
1415 3350 1811 3445 Pericopam
1861 3349 1946 3416 de
1998 3375 2128 3443 qua
2191 3350 2560 3445 loquimur,
2610 3352 2820 3424 etiam.
2856 3348 3115 3420 Iusti·-

945 3491 1110 3534 -nus
1160 3466 1520 3560 Martyr‚
1591 3489 1740 3533 non·
1777 3462 2058 3533 totidem
2104 3467 2360 3549 verbis,
2410 3486 2574 3560 quot
2620 3486 2773 3535 sunt
2818 3470 2888 3534 in
2937 3466 3112 3534 Edit.

950 3581 1279 3663 Romana,
1348 3598 1423 3649 ut
1487 3578 1726 3675 aliquis
1795 3604 1876 3647 ex
1922 3580 2305 3648 Kennicotti
2351 3574 2636 3651 Dissert»
2681 3582 2923 3650 Gener.·
2972 3580 3016 3647 l.
3066 3579 3113 3649 l.

952 3696 1219 3791 colligat
1241 3749 1262 3781 ,
1334 3694 1457 3765 sed
1512 3695 1768 3791 aliquot
1827 3714 2081 3764 tantum
2133 3714 2488 3780 commata,
2564 3718 2772 3792 eaque
2822 3693 2949 3765 alio
3000 3722 3112 3765 or-

915 3810 1147 3896 ·dine,
1224 3833 1403 3882 certe
1471 3810 1544 3879 in
1616 3809 2001 3879 Coloniensi
2059 3809 2371 3880 Editione
2440 3838 2508 3907 p·
2566 3809 2726 3881 244.
2849 3812 3112 3880 Habent

947 3929 1140 4008 item,
1207 3948 1281 3996 ut
1335 3924 1578 4023 legitur
1649 3928 1721 3993 in
1788 3924 2061 3996 Scholio
2133 3926 2460 4008 sixtinae,
2527 3916 2922 4022 Διόδωρος,
2984 3918 3110 3990 καὶ

950 4032 1354 4130 Θεόδωρος,
1402 4037 1526 4110 καὶ
1561 4038 1958 4135 Κύριλλος,
2007 4036 2131 4107 καὶ
2173 4030 2534 4132 Δίδυμος,
2582 4037 2879 4136 Τάφος
2927 4034 3107 4106 ἁνε-

945 4153 1318 4248 ῳγμένος
1363 4206 1641 4225 .....
1694 4152 1779 4224 ἐν
1829 4157 2027 4234 ταῖς
2079 4141 2330 4235 ὁδοῖς
2380 4154 2689 4227 αὐτῶν.
2751 4142 2959 4222 ew&
3006 4155 3109 4245 τῷ

944 4266 1269 4367 Ἑξαπλῷ
1310 4264 1558 4342 ταῦτα
1621 4272 1767 4365 οὐχ
1840 4262 2157 4364 εὕρηται.
2255 4271 2392 4340 Sed
2454 4273 2557 4338 his
2607 4272 2874 4338 Patrum
2923 4271 3106 4339 testi-
