3550 5167
987 510 1078 580 28
1524 579 1527 582 ,
1842 500 2021 569 Gen.
2074 502 2189 576 II,
2238 499 2306 568 3.

986 729 1021 767 a
1086 718 1219 768 tota
1280 699 1596 792 pericopa
1655 696 1973 764 hactenus
2041 690 2447 787 disceptata,
2517 695 2647 761 nisi
2694 696 3013 764 maiorem
3061 695 3133 762 in

970 814 1257 884 'modum
1327 813 1534 882 auctis
1594 809 1725 881 illis
1793 811 1984 905 nugis
2038 826 2105 878 et
2149 832 2363 903 penso
2407 806 2591 903 quod
2631 811 2703 879 in
2749 836 2857 879 me
2909 835 3132 881 susce-

983 955 1217 1025 peram
1262 927 1581 997 absoluto.

1176 1044 1332 1113 Non
1393 1044 1667 1112 memini
1729 1065 1941 1123 nunc,
1999 1065 2089 1108 an
2151 1063 2447 1134 unquam
2503 1064 2543 1107 a
2603 1043 2744 1109 viro
2796 1037 2996 1110 docto
3046 1040 3134 1110 ad

984 1163 1151 1231 Gen.
1196 1162 1263 1244 I,
1330 1166 1366 1230 1
1431 1161 1519 1229 sit
1586 1159 1883 1252 quaestio
1947 1172 2274 1225 commota
2339 1154 2754 1224 huiusmodi:
2829 1159 2961 1242 Qui
3024 1157 3135 1238 fit,

985 1276 1173 1371 quod
1216 1274 1497 1388 Arquila,
1554 1273 1989 1367 Symmachus
2015 1322 2036 1354 ,
2107 1268 2486 1340 Theodotio
2529 1270 2745 1358 (adde
2785 1274 2846 1340 si
2893 1272 3135 1366 placet,

983 1395 1276 1464 Graecus
1324 1389 1442 1458 ille
1490 1390 1785 1462 novicius
1803 1438 1824 1471 ,
1889 1389 2075 1456 cuius
2122 1388 2521 1456 versionem
2565 1388 2996 1458 Pentateuchi
3055 1413 3138 1458 ex

983 1507 1253 1587 Codice;
1320 1504 1581 1573 Veneto
1654 1503 2107 1572 Bibliothecae
2206 1497 2276 1572 S.
2344 1502 2561 1571 Marci
2648 1504 2821 1571 eruit
2897 1503 3140 1573 Villoi-

985 1646 1220 1704 sonus,
1250 1615 1263 1620 ’
1305 1623 1480 1715 typis
1548 1619 1954 1713 descriptam
2042 1616 2410 1712 publicavit
2496 1618 2880 1712 Christoph.
2951 1618 3009 1686 F
3010 1618 3139 1686 rid.

983 1742 1307 1819 Ammon,
1370 1735 1694 1830 Erlangae
1759 1736 1969 1818 1790,
2041 1736 2154 1802 III
2203 1727 2458 1824 tomis),
2531 1735 2811 1801 verbum
2869 1755 3007 1811 ις’-,ει
3068 1736 3141 1802 in

983 1853 1430 1922 Pentateucho
1470 1870 1847 1920 constanter
1878 1849 2327 1919 reddiderunt
2371 1841 2762 1935 κτίζειν,
2810 1874 2951 1918 non
2982 1853 3145 1919 item

981 1970 1212 2051 LXX,
1259 1970 1390 2035 nisi
1437 1968 1510 2035 in
1555 1991 1691 2036 uno
1735 1967 1890 2036 loco
1941 1969 2137 2035 Deut.
2186 1961 2271 2047 4,
2323 1965 2454 2035 32:
2510 1959 2659 2033 ἀπὸ
2708 1965 2833 2045 τῆς
2878 1962 3146 2062 ἡμέρας

981 2073 1057 2163 ἧς
1129 2075 1486 2153 ἔκτισεν
1545 2081 1586 2150 ὁ
1635 2078 1811 2161 θεὸς
1871 2070 2251 2177 ἄνθρωπον
2299 2076 2419 2148 ἐπὶ
2478 2080 2604 2161 τῆς
2648 2083 2809 2173 γῆς,
2866 2107 3147 2152 consen-

984 2200 1296 2269 tientibus
1345 2200 1593 2267 Latinis
1618 2198 1647 2265 Ρ
1672 2191 1737 2289 *)
1839 2200 1973 2284 Qui
2018 2197 2132 2279 fit,
2202 2193 2387 2292 quod
2434 2194 2619 2289 apud
2661 2199 2932 2267 Latinos
2979 2200 3149 2268 anti-

986 2317 1336 2407 quissimos
1412 2332 1786 2383 constanter
1853 2332 1921 2381 et
1981 2311 2239 2380 Graeco
2320 2312 2620 2380 ποιεῖν
2702 2331 3149 2406 congruenter

967 2428 1300 2516 faciendi
1360 2429 1638 2496 verbum
1688 2428 1961 2520 ponitur
1983 2478 2002 2509 ,
2070 2451 2210 2495 non
2256 2426 2583 2503 creandi,
2656 2423 2940 2527 quippe'
2963 2428 3151 2523 quod

986 2546 1428 2637 Hieronymus
1478 2541 1750 2609 demum
1796 2542 1935 2610 scil.
1970 2545 2147 2610 iuxta
2170 2544 2568 2611 Hebraicam
2595 2544 2938 2611 veritatem
2964 2545 3152 2611 inve·

990 2658 1126 2727 xit?
1226 2659 1452 2725 Licuit
1504 2663 1772 2726 variare
1822 2660 2022 2727 LXX
2069 2657 2596 2751 Interpretibus.
2679 2656 2804 2752 'Ita‘
2847 2676 2966 2740 est,
3018 2682 3148 2725 nec

989 2772 1230 2841 desunt
1276 2772 1615 2866 exempla,
1681 2774 1925 2867 quibus
1982 2771 2294 2842 adhibitis
2361 2776 2520 2841 huic
2571 2796 2897 2865 responso
2945 2772 3152 2841 fidem

992 2886 1209 2956 facias.
1278 2890 1451 2956 Mihi
1490 2888 1682 2956 aliter
1729 2886 2036 2955 videtum*
2110 2889 2248 2956 Cur
2273 2912 2398 2982 per
2436 2885 2751 2954 undecim
2785 2886 2935 2956 loca
2960 2887 3150 2971 Gen„

926 2995 934 3004 ⁴
984 3006 1105 3071 ubi
1161 3006 1294 3071 iam
1343 3022 1442 3072 est
1492 3025 1624 3079 &52
1683 3002 1877 3097 (Cap.
1917 3010 1979 3086 1,
2028 3009 2087 3072 1.
2131 3006 2244 3073 21.
2287 3006 2377 3074 27
2432 3019 2551 3070 ter.
2623 3005 2689 3084 2,
2730 3004 2795 3075 3.
2834 2999 2903 3070 4.
2969 3005 3039 3085 5,
3092 3010 3151 3073 1.

991 3125 1039 3189 2
1071 3122 1196 3187 his.
1264 3119 1332 3202 6,
1385 3117 1476 3203 7.)
1525 3121 1596 3186 in
1637 3118 1895 3187 Graeco
1946 3136 2127 3187 textu
2169 3111 2524 3201 κτίζειν
2571 3141 2713 3186 non
2751 3133 3151 3210 compareat,

993 3260 1185 3302 causa
1234 3253 1345 3300 aut
1394 3236 1661 3301 omnino
1713 3257 1854 3300 non
1899 3232 2286 3326 quaerenda
2328 3251 2458 3315 est,
2508 3251 2574 3300 et
2617 3231 2787 3298 nihil
2823 3257 3152 3326 quaeren-

991 3352 1169 3420 tibus
1229 3372 1426 3417 nemo
1490 3347 1903 3440 respondere
1971 3365 2265 3434 tenetur;
2331 3366 2442 3415 aut
2495 3347 2568 3414 in
2617 3371 2696 3416 eo
2749 3346 3151 3443 quaerenda,

995 3463 1183 3560 quod
1227 3464 1418 3532 LXX
1460 3464 1532 3530 in
1570 3487 1692 3531 suo
1738 3461 1994 3531 Codice
2032 3441 2364 3533 Hebraico
2408 3484 2543 3538 aa:
2596 3487 2724 3557 per
2764 3482 2970 3532 totam
3017 3461 3156 3531 Ge-

994 3582 1187 3649 nesin
1233 3601 1371 3648 non
1414 3581 1826 3645 invenerunt.
1927 3579 2184 3647 Dixerit
2209 3578 2483 3674 aliquis:
2536 3577 2977 3648 concedamus
3010 3596 3155 3647 tan-

971 3698 1205 3789 ·tisper
1246 3696 1675 3764 mutationem
1724 3693 2002 3761 consilio
2044 3693 2283 3761 factam
2298 3745 2319 3776 ,
2376 3718 2511 3788 quo
2571 3693 2841 3764 tandem
2876 3692 3153 3762 consilio

994 3810 1232 3877 factam
1298 3808 1627 3877 docebis?
1726 3811 1856 3877 Hic
1918 3835 2089 3903 aqua
2136 3810 2301 3877 mihi
2347 3811 2577 3879 haeret
2620 3827 2686 3879 et
2731 3809 2975 3879 frustra
3025 3807 3155 3875 cir·

1002 3927 1365 4018 cumspicio
1431 3924 1803 3993 testimonia
1874 3944 2184 4007 externa,
2253 3925 2497 4019 quibus
2562 3927 2975 3994 coniecturae
3037 3919 3156 3987 ali-

1002 4063 1199 4131 quam
1244 4038 1665 4131 probabilem
1725 4041 2020 4133 speciem
2067 4039 2356 4107 induam.
2459 4039 2637 4125 Quid
2677 4039 2844 4107 Phil.
2893 4035 3155 4104 Melan-

1048 4204 1096 4272 *)
1128 4201 1420 4254 peculiaris
1467 4205 1606 4256 ratio
1665 4212 1747 4257 est
1802 4204 1910 4256 loci
1957 4204 2115 4256 Num.
2178 4206 2269 4269 16,
2324 4207 2409 4261 30.
2503 4205 2676 4257 Locus
2729 4200 2897 4259 Exod.
2933 4198 3023 4270 34,
3077 4216 3151 4255 ιο-

1134 4296 1352 4341 nostrae
1390 4291 1728 4344 coniecturae
1764 4307 1875 4344 non
1912 4289 2134 4344 obstat·
