3550 5167
1282 506 1675 576 Paradisus.
2209 605 2220 616 .
2463 513 2554 581 37

400 704 715 771 iacturam
772 696 1081 768 paradisi.
1211 699 1377 771 Sedv
1414 706 1675 770 missam
1741 703 1963 771 facere
1997 693 2004 702 ’
2043 681 2309 774 omnem
2385 707 2560 775 hanc

398 818 687 912 opellam
742 821 930 911 prius
990 841 1127 885 non
1177 814 1393 885 debeo
1419 869 1440 900 ,
1504 844 1704 913 quam
1754 818 1841 886 de
1889 821 2269 888 nominibus
2315 820 2555 890 divinis

397 934 658 1001 Iehova
719 952 787 1001 et
845 932 1113 1001 Elolzim
1175 932 1481 1002 nonnihil
1539 932 1892 1018 adiecero,
1955 960 2035 1002 ac
2097 934 2185 1003 ‹le
2249 933 2553 1003 dissensu

396 1051 741 1143 utriusque
805 1066 1015 1117 textus
1076 1046 1395 1117 iudicium
1444 1073 1668 1116 meum
1719 1047 2187 1144 qualecunque
2238 1050 2553 1117 brevibus

393 1187 787 1258 exposuero.
909 1161 1078 1233 Satis
1140 1165 1316 1231 enim
1386 1157 1617 1233 notum
1685 1183 1820 1247 est,
1909 1184 2229 1260 quantum
2295 1192 2331 1233 a
2397 1166 2552 1233 viris

391 1276 606 1348 doctis
655 1279 1045 1373 praesertim
1086 1278 1245 1346 inde
1296 1306 1331 1345 a
1384 1281 1708 1372 superiori
1759 1279 2024 1348 saeculo
2075 1280 2298 1348 medio
2343 1304 2554 1374 usque

393 1394 480 1465 ad
545 1396 894 1463 novissima
960 1411 1259 1489 tempora
1322 1395 1646 1462 tribuatur
1714 1396 1817 1463 his
1886 1396 2268 1464 nominibus
2317 1394 2557 1463 divinis

390 1512 462 1577 in
510 1509 910 1578 aestimanda
959 1511 1438 1602 compositione
1482 1511 1930 1577 pentateuchi.
1982 1503 2043 1601 *)

586 1624 835 1693 Ordiar
901 1626 985 1692 ab
1041 1625 1364 1692 Hebraeo.
1479 1626 1751 1718 Legitur
1815 1650 1943 1720 per
2006 1628 2398 1720 pericopam
2467 1624 2553 1693 de

389 1737 703 1808 Paradiso
770 1749 972 1818 tvm-tle&
1014 1760 1166 1814 της-ι’·
1232 1743 1478 1814 vicies,
1528 1739 1603 1806 id
1662 1763 1820 1807 vero
1870 1757 2008 1822 est,
2077 1763 2331 1807 summa
2393 1763 2556 1808 con·-

391 1856 665 1938 stantia‚
727 1858 1022 1948 exceptis
1070 1855 1281 1922 tribus
1336 1853 1504 1921 locis
1557 1854 1719 1947 Cap.
1766 1854 1835 1936 3,
1895 1860 1959 1937 1,
2000 1854 2120 1921 ubi
2167 1879 2444 1948 serpens
2488 1872 2555 1922 et

385 1968 522 2037 Eva
572 1968 863 2065 simplici
895 1968 1164 2038 Elohim
1208 1986 1481 2036 utuntur
1498 2019 1519 2051 ,
1589 1959 1907 2063 quoniam
1923 2019 1945 2051 ‚
1994 1987 2070 2036 ut
2114 1969 2397 2037 Vaterus
2439 1994 2553 2036 su-

387 2086 715 2179 spicatur,
793 2086 1081 2180 scriptor
1149 2109 1380 2153 cavere
1456 2082 1719 2154 volebat
1794 2084 2188 2152 sanctissimi
2265 2083 2551 2151 nominis

384 2199 955 2293 profanationem,
1025 2198 1099 2265 id
1166 2198 1352 2293 quod
1410 2200 1730 2267 intactum
1790 2197 2252 2293 relinquimus.
2350 2197 2553 2265 Prae·

385 2333 566 2383 terea
619 2340 811 2399 vero,
879 2334 954 2386 ut
999 2317 1280 2385 Vaterus
1328 2333 1555 2385 monet
1602 2313 2079 2383 commentarii
2120 2339 2189 2407 p.
2247 2310 2336 2382 16
2388 2331 2550 2381 extr.

383 2430 507 2498 ista
571 2406 963 2526 compositio
1032 2430 1138 2498 vel
1220 2431 1549 2525 appositio
1632 2455 1759 2525 per
1824 2429 2346 2497 pentateuchum
2411 2451 2552 2496 non

385 2544 666 2640 amplius
715 2543 1253 2640 ,deprehenditur
1314 2545 1441 2613 nisi
1490 2547 1606 2613 Ex.
1647 2545 1716 2628 9,
1767 2544 1864 2615 30
1918 2538 2072 2636 [ubi
2131 2540 2324 2612 LXX
2383 2543 2552 2611 Elo-

385 2660 524 2727 Iu‘m
566 2643 706 2729 non
731 2652 1246 2754 expresserunt}
1291 2686 1417 2755 per
1452 2659 1613 2729 alios
1650 2684 1921 2753 quoque
1960 2658 2169 2727 libros
2203 2659 2417 2727 rarior
2434 2654 2549 2743 “).

385 2774 643 2860 Quodsi
688 2778 810 2844 ista
860 2777 1251 2868 compositio
1301 2800 1535 2845 revera
1583 2776 1665 2842 ab
1715 2777 1865 2868 ipso
1908 2793 2177 2843 auctore
2215 2773 2549 2840 Hebraico

380 2889 686 2986 profecta
757 2908 894 2972 est,
955 2889 1126 2957 nihil
1191 2890 1513 2984 impedit,
1584 2916 1715 2990 quo
1782 2891 2001 2957 minus
2068 2911 2147 2956 eo
2215 2905 2549 2980 tamquam

383 3004 704 3099 palmario
750 3005 1014 3073 criterio
1066 3023 1325 3073 utamur
1381 3005 1468 3072 ad
1507 3002 1989 3097 investigandas
2040 3002 2334 3099 origines
2367 3000 2544 3068 iudi-

385 3118 800 3215 candamque
847 3119 1147 3189 indolem
1191 3124 1532 3188 variarum
1574 3123 1908 3213 partium,
1961 3144 2043 3185 ex
2097 3120 2340 3211 quibus
2375 3117 2549 3184 liber

386 3253 728 3305 contextus
796 3255 910 3306 est.
1010 3238 1101 3307 At
1166 3256 1411 3330 quanto
1475 3236 1883 3303 manifestior
1934 3254 2002 3302 et
2053 3234 2307 3302 Critico
2360 3258 2549 3301 acce-

387 3352 567 3444 ptior
614 3370 713 3421 est
752 3351 868 3420 illa
919 3354 1278 3422 constantia
1327 3354 1399 3422 in
1448 3351 1679 3445 viginti
1726 3350 1891 3419 locis
1942 3349 2123 3446 apud
2149 3350 2553 3430 Hebraeum,

389 3507 530 3519 -uo

436 3592 485 3662 ³)
519 3595 746 3657 Astruc,
780 3592 1100 3657 Eichhom,
1141 3595 1331 3663 Ilgen,
1375 3595 1572 3657 ναίον,
1609 3591 1847 3655 Ewald,
1898 3590 2021 3654 alii,
2071 3589 2136 3641 de
2173 3587 2371 3659 quibus
2413 3585 2547 3638 mihi

522 3678 880 3732 nominandus
919 3689 999 3734 est
1041 3681 1097 3733 C.
1121 3683 1178 3734 Ρ.
1213 3681 1298 3739 W
1334 3680 1661 3751 Grumberg,
1698 3680 1803 3730 iam
1844 3679 1927 3731 his
1964 3679 2158 3730 litteris
2193 3682 2363 3727 morte
2392 3688 2549 3744 prae-

520 3773 727 3818 matura
766 3775 996 3837 ereptus.
1069 3768 1294 3835 Scripsit
1344 3768 1501 3820 Libri
1555 3769 1822 3822 Geneseos
1875 3762 2165 3821 secundum
2212 3762 2396 3832 fontes
2438 3762 2562 3814 rite

522 3850 917 3923 dignoscendos
951 3852 1424 3907 adumbrationem
1470 3870 1679 3904 novam.
1752 3852 1963 3921 Lipsiae
2010 3854 2137 3905 1828
2213 3846 2365 3899 Adde
2395 3835 2560 3900 Petri*

519 3939 822 3994 aBohlen:
860 3942 961 3994 Die
990 3941 1217 3995 Genesis
1257 3937 1572 3991 histos-isch·
1575 3937 1798 3989 kritisch
1829 3939 2103 3989 erldutert.
2146 3934 2552 4002 Regiom.1835.

520 4026 842 4096 Nuper-rime
883 4027 1015 4078 haec
1049 4027 1227 4079 obiter
1263 4027 1442 4094 tetigit
1477 4023 1637 4079 Ericl.
1678 4024 1875 4081 Black.-
1915 4024 1993 4073 De
2035 4022 2160 4072 libri
2196 4020 2551 4087 Genes.orig.

518 4120 683 4182 atque
720 4113 903 4166 indole
956 4115 1081 4167 hist.
1119 4116 1404 4170 observatt,
1460 4112 1723 4183 quaedam
1777 4119 1960 4166 contra
2003 4109 2335 4164 Buhlenium.
2407 4108 2546 4161 Bou-

522 4216 626 4251 nae
671 4203 815 4255 1836.
2371 4172 2416 4200 ἱ

418 4285 489 4356 ”⁸1
527 4287 606 4340 cf.
649 4287 868 4343 Gesenii
901 4289 1022 4343 Lex.
1062 4287 1204 4341 Man.
1244 4303 1362 4358 pag.
1388 4290 1503 4358 409.
