3550 5167
1005 516 1095 585 io
1700 518 1860 609 Cap.
1904 518 1966 584 I.
2064 518 2172 585 De
2223 517 2450 586 indole

996 714 1242 807 passim
1299 739 1337 779 a
1393 713 1638 803 Buga'to
1703 727 1885 780 recte
1949 711 2329 782 indicantur
2356 766 2377 798 ‚
2468 714 2631 784 adeo
2700 736 2775 784 ut
2840 736 2908 785 et
2949 716 3155 812 Syrus

998 828 1347 896 confirmet
1395 828 1789 919 Hieronymi
1848 851 1925 894 ac
1973 846 2070 896 tot
2126 828 2405 896 aliorum
2466 829 2771 923 querelas
2832 830 2920 899 de
2968 833 3157 900 Obe-

992 943 1172 1012 lisois
1222 959 1287 1008 et
1333 943 1680 1009 Asteriscis
1727 941 1933 1010 modo
1983 960 2233 1009 temere
2278 946 2564 1028 omissis,
2612 944 2815 1013 modo
2863 971 3154 1040 praepo-

993 1077 1166 1127 stete
1237 1056 1485 1124 locatis.
1611 1058 1829 1140 Quare
1898 1059 2213 1150 quisquis
2274 1061 2351 1124 in
2413 1061 2705 1126 animum
2780 1060 3153 1143 induxerit,

992 1174 1187 1241 huius
1218 1172 1517 1240 Psalterii
1561 1171 1936 1265 hexaplaris
1987 1196 2117 1266 ope
2166 1173 2313 1268 fieri
2360 1197 2594 1266 posse,
2642 1192 2718 1242 ut
2743 1173 3155 1242 Psalmorum

991 1306 1241 1356 textum
1304 1286 1714 1356 Grabianum
1786 1290 1984 1354 etiam
2054 1291 2257 1381 magis
2320 1307 2387 1356 et
2436 1292 2665 1357 'verius
2725 1288 3151 1382 hexaplarem

990 1403 1273 1485 reddat,
1345 1404 1413 1469 h.
1463 1428 1517 1467 e.
1567 1403 1764 1470 nimis
1813 1405 1944 1469 iam
2007 1401 2391 1470 distinctum
2441 1405 2685 1476 criticis
2735 1406 2939 1496 signis
2990 1405 3151 1472 alie-

990 1520 1230 1611 nisque
1284 1519 1682 1611 variegatam
1749 1516 2005 1588 laciniis
2057 1517 2277 1586 denuo
2327 1522 2514 1586 novis
2563 1523 2955 1587 assumentis
2999 1546 3149 1590 uer*-

991 1631 1390 1700 sicoluribus·
1420 1651 1714 1714 exornet,
1762 1635 1820 1699 is
1858 1635 2178 1702 maiorem
2224 1636 2296 1699 in
2346 1632 2621 1701 modum
2669 1659 2740 1702 se
2790 1633 3148 1728 deceptum

987 1749 1244 1815 sentiet.
1346 1749 1525 1814 Haec
1591 1747 1677 1816 de
1728 1748 1983 1816 Codice
2031 1747 2177 1817 MS.
2226 1747 2750 1830 Mediolanensi,
2825 1765 3145 1844 quatenus

986 1884 1096 1929 res
1136 1888 1218 1929 ex
1273 1869 1596 1956 impresso
1649 1866 1964 1956 cognosci
2000 1882 2222 1956 potest
2269 1888 2348 1932 ac
2395 1862 2695 1932 iudicari.

1181 1980 1477 2047 Transeo
1528 1976 1616 2044 ad
1671 1977 1972 2046 indolem
2029 1980 2235 2071 ipsius
2294 1978 2603 2071 Syriacae
2654 1978 2994 2048 Versionis
3036 1976 3146 2050 -de

986 2092 1244 2161 Graeco
1294 2112 1477 2162 textu
1529 2093 1757 2162 factae.
1855 2092 1966 2160 Ad
2032 2094 2334 2161 criticum
2397 2093 2672 2186 quidem
2731 2119 2925 2162 usum
2964 2112 3146 2162 tanto

982 2210 1246 2289 maioris
1293 2208 1598 2276 facienda
1662 2217 1766 2275 est'
1814 2206 2148 2275 translatio
2211 2209 2508 2299 antiqua,
2572 2227 2818 2300 quanto
2875 2212 2938 2276 ei
2991 2206 3147 2301 plus

979 2326 1153 2391 inest
1212 2323 1373 2390 fidei
1438 2314 1514 2390 ac
1570 2323 1968 2416 diligentiae.
2081 2322 2233 2390 Non
2291 2321 2506 2390 solum
2565 2340 2640 2389 ut
2696 2324 2846 2390 satis
2907 2321 3144 2391 doctus

980 2427 1272 2529 satisque
1318 2462 1558 2530 gnarus
1607 2438 1951 2530 utriusque
2001 2436 2262 2529 linguae
2302 2436 2502 2505 fuerit
2540 2439 2871 2530 interpres
2909 2458 3143 2530 postu-

977 2551 1226 2634 lamus,
1295 2577 1527 2619 verum
1583 2553 1778 2622 etiam
1827 2570 1898 2619 ut
1960 2553 2254 2618 sincerus
2278 2601 2299 2633 ‚
2338 2550 2532 2621 .fidus
2594 2554 2666 2618 in
2726 2552 3143 2645 exponendis

976 2668 1260 2734 auctoris
1304 2668 1407 2733 sui
1449 2668 1824 2748 sententiis,
1879 2665 2257 2761 religiosus:
2330 2686 2396 2735 et
2438 2686 2511 2734 ut
2551 2668 2978 2760 semetipsum
3025 2691 3140 2735 ve·-

974 2779 1098 2849 luti
1162 2782 1405 2849 oblitus
1470 2784 1866 2875 scriptorem
1929 2784 2002 2847 in
2079 2783 2384 2850 omnibus
2454 2806 2531 2847 ac
2597 2780 2887 2875 singulis·
2937 2781 3139 2850 talem

974 2898 1169 2965 nobis
1214 2898 1552 2980 exhibeat,
1594 2896 1809 2990 qualis
1853 2899 1984 2991 ipsi
2021 2898 2675 2990 repraesentabatur,
2729 2921 2806 2964 ac
2846 2896 3137 2989 proinde

973 3031 1049 3079 ut
1100 3014 1162 3078 ei
1210 3011 1379 3079 nihil
1428 3011 1625 3079 alieni
1675 3013 1936 3105 affingat
1959 3062 1980 3094 ,
2051 3011 2221 3080 nihil
2269 3013 2533 3105 proprii
2578 3011 2830 3096 demat,
2897 3010 3143 3088 dictio-¹

972 3128 1213 3219 nisque
1265 3127 1520 3196 colores
1565 3127 1790 3221 quoad
1841 3130 1979 3196 eius
2028 3128 2176 3194 fieri
2217 3146 2468 3220 potest,
2517 3128 2696 3194 vivos
2738 3127 3139 3193 eminentes-

976 3265 1108 3333 que
1161 3260 1391 3308 servet.
1490 3243 1672 3309 Haec
1722 3243 1942 3310 omnia
2004 3260 2262 3322 tamen,
2327 3260 2401 3309 ut
2447 3240 2626 3334 leges
2677 3239 2938 3332 linguae
2981 3242 3135 3308 imi-

973 3357 1220 3423 tatricis
1269 3378 1410 3453 non
1455 3350 1682 3448 aperte
1733 3355 2080 3423 violentur.
2176 3357 2354 3423 Hinc
2416 3356 2822 3448 acceptiores
2879 3355 3129 3424 Critico

967 3489 1124 3538 sunt
1184 3470 1640 3539 translationes
1716 3496 1945 3564 presse
1984 3470 2082 3538 ad
2135 3472 2414 3539 verbum
2462 3470 2668 3540 factae
2696 3520 2719 3551 ,
2792 3472 3041 3538 etiamsi
3091 3495 3128 3537 a

969 3603 1170 3653 sensu
1215 3609 1696 3679 nonnunquam
1738 3588 2050 3653 aberrent
2067 3635 2088 3667 ,
2139 3610 2354 3679 nquam
2382 3584 2746 3654 ,liberiores
2794 3586 3129 3677 interpre-

969 3703 1245 3769 tationes
1310 3719 1423 3768 aut
1484 3702 1925 3795 paraphrases
1989 3700 2147 3769 licet
2214 3700 2341 3769 alio
2398 3701 2666 3769 nomine
2733 3718 2798 3767 et
2866 3702 2939 3768 in
3009 3724 3125 3769 suo

968 3838 1210 3908 genere
1260 3817 1871 3909 praestantissimae.

1164 3930 1303 3997 Iam
1353 3931 1539 4026 quod
1589 3929 1675 3998 ad
1722 3927 1965 4025 Syrum
2021 3951 2320 4021 nostrum
2364 3932 2626 4013 attinet,
2686 3928 2848 4002 levis
2900 3933 3126 4028 inspe-

1173 4210 1599 4364 Ξίιὶφιοαεφιε
1631 4216 1940 4287 pertineat,
1977 4214 2884 4283 notavitH.Middel‹101-prl
2920 4214 2957 4268 l.
2992 4230 3045 4285 p
3079 4232 3122 4271 ¹

1299 4301 1330 4353 ⁵
1390 4301 1474 4369 49.
1509 4309 1612 4353 cet.
