3550 5167
1112 526 1286 619 Gen.
1344 530 1412 604 I,
1471 527 1585 614 14.
1637 528 1760 615 24.
2424 534 2510 602 19

371 732 629 799 testium
690 724 1067 794 iudicabam
1085 774 1107 807 ,
1165 742 1497 818 quotquot
1524 723 1716 802 'mihi
1759 725 2197 796 innotuerant.
2294 728 2515 800 Habet

370 844 483 912 ille
530 843 883 924 maiorem,
928 865 1125 934 quam
1171 839 1536 934 pleraeque
1576 864 1804 908 omnes
1840 842 2263 912 membranae
2305 841 2519 913 Grae-

370 985 484 1030 cae
536 960 798 1052 copiam
841 955 1202 1025 lectionum
1247 979 1522 1048 prorsus
1571 954 2033 1047 singularium,
2083 960 2338 1050 partim
2384 963 2519 1030 He-

368 1075 763 1170 xaplarium‚
816 1069 1000 1165 quod
1043 1068 1277 1138 dolens
1331 1069 1685 1151 confiteor,
1728 1074 1973 1162 partim
2013 1096 2170 1142 vero
2218 1073 2514 1162 aliarum,

369 1191 888 1286 discrepantium
938 1217 975 1257 a
1023 1190 1203 1257 textu
1241 1188 1685 1256 Masorethico
1739 1206 1807 1255 et
1850 1187 2030 1256 haud
2076 1217 2228 1262 raro
2274 1194 2524 1281 talium,

370 1289 540 1401 qiiae
603 1331 824 1401 neque
887 1330 968 1372 ex
1035 1316 1186 1372 aere
1244 1305 1453 1396 arripi
1511 1326 1730 1395 neque
1783 1304 1857 1368 in
1920 1307 2197 1374 cerebro
2262 1308 2523 1378 librarii

369 1424 553 1489 nasci
584 1438 964 1515 potuerunt.
1058 1421 1158 1484 Ex
1186 1420 1317 1487 hoc
1341 1416 1484 1484 MS.
1512 1417 1878 1485 oxoniensi
1911 1438 2231 1487 commata
2272 1420 2380 1491 14.
2413 1429 2522 1497 15.

371 1537 544 1603 infra
591 1538 678 1604 ad
726 1536 979 1604 calcem
1026 1533 1242 1601 libelli
1292 1532 1658 1615 exhibebo,
1706 1556 1888 1601 nunc
1933 1557 2404 1629 progressurus
2442 1538 2530 1607 ad

370 1650 528 1718 alias
582 1650 900 1744 quasdam
946 1650 1267 1717 lectiones
1314 1647 1761 1715 notabiliores„

566 1767 1034 1835 Vexatissimus
1095 1786 1320 1831 versus
1392 1762 1588 1828 totius
1639 1761 1891 1856 Capitis
1951 1781 2050 1831 est
2088 1758 2229 1846 24,
2299 1789 2537 1858 quam-

377 1904 576 1974 quam
601 1879 887 1946 Grabius
934 1879 1046 1945 hic
1078 1875 1248 1943 nihil
1286 1876 1425 1944 vitii
1445 1874 1754 1942 odoratus
1784 1895 1895 1945 est.
1946 1877 2180 1946 Insunt
2203 1878 2536 1949 Hebraico

368 1996 623 2088 pariter
665 2019 743 2060 ac
783 1993 1056 2060 Graecis
1082 1985 1390 2059 'textibus
1436 1988 1670 2057 eadem
1716 1990 1859 2059 fere
1908 1991 2232 2061 elementa
2271 2014 2540 2064 senten·-

375 2110 617 2176 tiarum
658 2105 779 2175 sed
824 2108 1076 2200 ubique
1122 2107 1411 2199 pessime
1464 2103 1782 2190 disiecta,
1848 2126 1914 2176 et
1960 2109 2033 2174 in
2080 2102 2275 2177 MSS.
2326 2109 2542 2178 Grae-

378 2224 471 2290 cis
512 2220 696 2288 haud
742 2224 972 2314 paucis
1024 2224 1232 2288 etiam·
1268 2238 1456 2288 aucta
1504 2223 1779 2289 vocibus
1830 2220 2235 2291 adventicii&
2352 2227 2544 2292 Ten-

379 2339 534 2405 tabo
578 2336 834 2430 aliquid
855 2388 878 2418 ,
927 2355 1001 2403 ut
1043 2339 1396 2430 genuinam
1446 2354 1513 2403 et
1542 2339 1828 2405 nativam
1864 2339 2261 2432 scripturam
2296 2364 2547 2421 eruam,

390 2450 746 2545 diligenter
795 2451 1150 2545 exploratis
1200 2450 1472 2519 Graecis
1505 2450 1701 2520 MSS.
1732 2471 1799 2520 et
1831 2451 2031 2537 Edd„
2079 2454 2307 2523 habita
2346 2454 2545 2522 etiam

389 2554 645 2636 ratione
693 2568 1112 2648 Latinorum,
1163 2569 1551 2635 nominatim
1590 2567 1948 2636 Ambrosii.

590 2675 666 2774 1)
712 2676 874 2750 Καὶ
940 2672 1134 2750 εἶπεν
1206 2680 1249 2749 ὁ
1316 2677 1520 2760 θεὸς.
1597 2675 1995 2775 ἐξαγαγέτω
2054 2682 2122 2765 ἡ
2155 2685 2243 2778 γῆ
2300 2681 2549 2780 ψυχὴν

831 2790 1077 2881 ζῶσαν
1118 2787 1362 2888 (κατὰ
1411 2792 1641 2888 γένος)
1657 2812 1676 2831 ·

589 2908 664 2998 2)
712 2904 1186 3003 [τετράποδα
1231 2908 1358 2977 καὶ
1407 2908 1673 3005 ἑρπετὰ
1713 2906 1893 3006 καὶ]

585 3022 662 3112 3)
705 3018 934 3120 θηρία
973 3026 1101 3105 τῆς
1146 3028 1263 3116 γῆς
1310 3022 1508 3093 κατὰ
1554 3021 1747 3117 γένος
1764 3075 1791 3112 ,

583 3135 664 3232 4)
713 3134 839 3208 καὶ
886 3136 989 3208 τὰ
1037 3139 1253 3221 κτήνη
1296 3137 1492 3208 κατὰ
1537 3134 1771 3234 γένος,

588 3249 668 3345 5)
718 3252 844 3323 καὶ
866 3254 1117 3326 πάντα
1132 3253 1233 3338 τὰ
1252 3252 1518 3354 ἑρπετὰ
1541 3258 1667 3337 τῆς
1683 3257 1802 3351 γῆς
1817 3252 2012 3326 κατὰ
2026 3280 2215 3351 γενος
2229 3251 2551 3352 (αὐτων)-

584 3362 666 3461 6)
713 3367 836 3438 καὶ
886 3362 1161 3464 ἐγένετο
1214 3364 1456 3452 οὕτως.

397 3488 580 3570 Quae
626 3489 888 3555 uncinis
939 3489 1275 3583 quadratis
1322 3489 1599 3571 inclusi,
1646 3487 2101 3581 pannicularia
2142 3503 2331 3569 sunt,
2383 3511 2555 3580 quae

395 3599 737 3684 rotundis,
764 3601 1010 3670 dubia.
1112 3608 1433 3690 Quartum
1470 3606 1849 3672 membrum
1892 3604 2238 3698 composui
2284 3601 2371 3668 ad
2405 3599 2551 3669 MS.

397 3715 613 3819 onn.
665 3735 732 3784 et
770 3716 931 3784 alios
963 3719 1375 3811 complureS‚
1419 3719 1932 3814 Editionemque
1977 3718 2551 3812 Complutensem:

397 3828 700 3898 similiter
749 3832 1054 3925 quintum
1104 3834 1498 3899 membrum.
1597 3837 1726 3900 Per
1775 3852 1979 3902 totam
2029 3832 2323 3899 Genesin
2366 3848 2557 3904 '³7:³2

398 3964 772 4042 constanter
818 3950 1093 4016 vertitur
1140 3948 1389 4026 κτῆνος
1403 3997 1428 4031 ,
1476 3966 1552 4015 ut
1599 3965 1666 4014 et
1704 3949 1771 4014 h.
1805 3947 1849 4014 l.
1890 3950 2182 4017 nativum
2218 3943 2552 4014 videatur:

396 4060 472 4125 in
535 4063 846 4130 continua
901 4087 1058 4132 vero
1110 4064 1473 4156 scriptione
1539 4060 1733 4129 facile
1782 4062 2149 4156 permutari
2195 4077 2557 4155 potuerunt

399 4169 823 4267 τετράποδα
873 4197 940 4246 et
985 4172 1087 4244 τὰ
1133 4173 1416 4271 ἑρπετὰ.
1516 4178 1699 4245 Haec
1737 4178 2111 4249 tentaminis
2141 4175 2294 4249 loco
2327 4191 2553 4246 sunto:

401 4288 675 4359 meliora
728 4292 1301 4387 suppeditantibus
1351 4294 1624 4386 gratiam
1668 4293 1955 4362 habebo.
