3550 5167
1278 528 1451 597 Gen.
1506 529 1620 605 II,
1668 528 1744 600 3.
2488 533 2578 603 29

435 726 704 794 tironem
748 716 1100 792 adduxerit
1145 741 1217 791 ut
1258 721 1759 794 Confessionem
1787 724 2232 821 Augusteum
2277 743 2577 811 mutaret,

431 842 585 910 satis
654 838 1069 934 exploratum
1130 857 1257 906 est:
1330 837 1451 910 sed
1498 838 1809 933 quando,
1882 866 1921 908 a
1969 841 2213 936 quihus
2259 862 2329 911 et
2375 867 2581 938 quare

429 959 561 1025 sint
619 954 831 1025 factae
889 954 1281 1024 mutationes
1346 957 1419 1024 ’m
1468 958 1734 1028 vetustis
1783 955 2014 1040 libris,
2077 960 2466 1028 nominatim
2512 962 2584 1027 in
2610 983 2624 1001 ²

427 1070 874 1140 Pentateucho
900 1121 920 1153 ,
984 1068 1060 1138 id
1124 1071 1231 1139 vix
1295 1070 1654 1139 audacibus
1705 1073 2103 1142 coniecturis
2153 1077 2584 1167 assequimur.

426 1186 546 1254 Est
604 1210 761 1255 sane
827 1185 945 1254 illa
993 1176 1584 1281 παραδυόρὲνωσις
1644 1189 1981 1281 antiquior
2029 1189 2387 1260 triumviris
2453 1187 2586 1260 illis

427 1300 628 1392 (ταῖς
677 1295 756 1370 Γ’
801 1317 875 1371 ut
921 1319 1175 1372 veteres
1208 1301 1564 1396 Aquilam,
1612 1300 2126 1395 Symmachum,
2175 1301 2590 1374 Theodotio-

423 1442 586 1486 nem
644 1442 772 1513 per
832 1417 1314 1512 compendium
1358 1412 1678 1511 notant),
1728 1441 1900 1511 quos
1947 1419 2154 1488 verbo
2229 1410 2590 1503 κτίζειν

426 1556 579 1601 usos
628 1557 773 1603 esse
816 1554 1234 1628 compertum
1280 1535 1642 1615 hahemus,
1692 1551 1761 1604 et
1805 1536 1864 1601 si
1914 1530 2082 1628 quid
2127 1535 2201 1600 in
2249 1550 2427 1604 tanta
2469 1535 2591 1604 ob·

427 1649 736 1717 scuritate
786 1651 1117 1718 coniicere
1161 1649 1357 1731 licet,
1406 1649 1507 1718 issi
1557 1673 1715 1718 aevo
1753 1648 2177 1722 attribuenda
2200 1698 2222 1731 ,
2274 1674 2412 1744 quo
2435 1652 2593 1718 Phi·-

427 1761 734 1857 losophia
782 1763 1039 1832 Graeca
1092 1764 1302 1834 doctis
1333 1764 1600 1832 Iudaeis
1642 1766 1933 1833 innotuit
1980 1775 2301 1858 suamque
2336 1768 2471 1836 vim
2518 1766 2590 1834 in

427 1901 661 1947 eorum
708 1878 1228 1975 Theologemata
1276 1904 1588 1950 exercere
1639 1882 1881 1973 coepit.
1979 1880 2163 1947 Fieri
2202 1883 2311 1949 vix
2352 1883 2590 1974 potuit,

427 1996 592 2087 quin
633 1992 867 2062 Iudaei
923 2020 1195 2090 quoque
1244 1996 1660 2063 afficerentur
1709 1995 2016 2087 gravibus
2066 1994 2199 2063 illis
2250 2013 2318 2063 et
2360 1997 2593 2089 spino·
2696 2043 2704 2066 ι

425 2111 512 2176 sis
578 2111 1073 2203 quaestionibus
1141 2109 1230 2177 de
1294 2109 1532 2177 mundi
1578 2129 1645 2178 et
1687 2112 1984 2178 omnium
2032 2133 2263 2180 rerum
2310 2110 2592 2178 munda-

424 2250 661 2292 narum
716 2224 1143 2320 primordiis,
1213 2251 1376 2319 quas
1446 2249 1483 2293 a
1529 2224 1956 2320 pbilosophis
2001 2225 2277 2292 Graecis
2328 2227 2590 2318 agitatas

421 2340 622 2408 fuisse
675 2343 936 2409 scimus.
1035 2340 1121 2408 In
1164 2340 1394 2435 vulgus
1444 2360 1678 2420 notum
1719 2359 1856 2424 est,
1914 2344 1971 2409 si
2009 2364 2117 2409 res
2169 2365 2251 2408 ex
2306 2342 2591 2435 vestigiis
2665 2408 2671 2416 ,

424 2459 805 2525 aestimetur
867 2459 1097 2550 paucis
1155 2457 1435 2552 quidem
1496 2456 1630 2526 illis
1688 2456 1815 2524 sed
1867 2457 2018 2525 satis
2071 2456 2267 2525 certis
2319 2472 2387 2523 et
2439 2479 2598 2524 con-

427 2574 709 2665 spicuis,
755 2571 1043 2641 Iudaeos
1094 2576 1400 2668 antiquos
1443 2575 1517 2640 in
1565 2565 1876 2667 dogmate
1923 2570 2010 2641 de
2055 2573 2312 2667 origine
2362 2570 2598 2639 mundi

428 2712 566 2755 non
625 2689 896 2757 omnino
971 2691 1410 2757 consensisse:
1475 2688 1618 2756 aliis
1667 2688 1998 2782 placuisse
2050 2690 2454 2757 creationem
2515 2678 2601 2767 ἐξ

429 2800 588 2868 οὐκ
638 2797 914 2872 ὄντων
962 2805 1273 2873 IIMncc.
1328 2806 1546 2887 7528:
1596 2802 1740 2873 aliis
1791 2797 1880 2887 ἐξ
1917 2799 2352 2900 ἀμόρφου
2395 2793 2603 2880 ὕλης

430 2916 722 3010 Sapient.
757 2924 866 2986 11.
922 2921 1030 2988 17.
1127 2921 1288 2988 Fert
1345 2921 1547 3015 igitur
1598 2945 1754 2988 mea
1803 2922 2032 3014 opinio
2047 2973 2067 3002 ‚
2134 2931 2389 2988 textum
2439 2919 2600 2986 scri-

426 3035 640 3127 ptoris
688 3033 900 3101 Hebr.
942 3035 1233 3104 nativum
1277 3038 1352 3101 in
1392 3035 1667 3103 historia
1710 3036 2058 3103 creationis
2102 3052 2237 3103 tam
2277 3036 2363 3102 ab
2407 3036 2595 3102 initio

433 3175 634 3242 quam
698 3147 1018 3243 deinceps
1067 3150 1346 3218 verbum
1388 3168 1530 3222 mvn
1591 3151 1902 3219 habuisse
1949 3173 2206 3219 summa
2251 3145 2596 3245 φράσεων
2709 3135 2714 3140 U

434 3282 502 3332 et
568 3262 841 3359 ῥήσεων
903 3264 1297 3360 aequalitate
1356 3289 1437 3333 ac
1502 3264 1940 3361 simplicitate.
2041 3266 2444 3362 Supervenit
2477 3265 2603 3335 ali-

435 3380 585 3473 quis
651 3374 1245 3468 Διασκευαστὴς,
1313 3382 1421 3449 cui
1482 3407 1610 3451 nec
1665 3384 1930 3476 ignotae
1996 3405 2146 3451 nec·
2190 3383 2605 3476 improbatae

436 3493 911 3589 disputationes
979 3497 1068 3564 de
1128 3503 1545 3565 aeternitate
1606 3504 1974 3565 materiae:
2036 3501 2093 3565 is
2157 3517 2393 3567 nutum
2439 3497 2601 3566 dare

435 3608 643 3678 voluit
709 3609 1071 3680 lectoribus
1132 3613 1451 3683 mutando
1514 3635 1656 3688 mm?
1715 3632 1948 3707 utpote
2001 3614 2282 3681 verbum
2330 3637 2606 3707 genera-

436 3721 562 3791 lius
580 3774 602 3807 ,
652 3723 839 3819 qnod
884 3725 956 3793 in
1000 3727 1207 3795 varias
1259 3747 1480 3822 partes
1529 3731 1777 3822 exponi
1827 3746 1897 3796 et
1936 3751 2089 3796 cum
2130 3727 2406 3796 diversis
2445 3726 2602 3820 phi-

437 3821 910 3936 losophematis
958 3843 1031 3910 in
1082 3839 1372 3936 aliquam
1422 3842 1852 3920 concordiam
1899 3844 2201 3914 revocari
2249 3859 2474 3938 potest
2520 3839 2602 3929 *),

491 4146 539 4213 ¹⁸)
570 4144 738 4215 Legat
777 4153 874 4200 aut
921 4146 1160 4218 relegat,
1204 4146 1300 4199 cui
1348 4162 1433 4199 reo
1466 4145 1608 4198 tanti
1640 4145 1881 4208 videtur,
1932 4144 2288 4200 Mochemium
2333 4143 2403 4201 de
2437 4144 2608 4201 Crea-

578 4234 732 4289 tu'one
780 4251 849 4287 ex
900 4234 1082 4290 nihilo
1137 4232 1209 4285 ad
1246 4232 1376 4290 Rad.
1421 4232 1737 4288 Cudworthi
1772 4233 2021 4300 systema
2055 4232 2323 4288 intellect-
2355 4234 2608 4303 pag.958

586 4321 754 4390 (Edit.
772 4322 842 4380 Π.
879 4323 1025 4376 Tom.
1051 4323 1119 4386 11,
1152 4338 1206 4393 p.
1229 4322 1354 4395 288)
1397 4320 1436 4394 S
1456 4322 1538 4386 11,
1582 4321 1679 4374 ubi
1714 4320 1978 4392 nonnihilj
2014 4319 2084 4374 de
2129 4321 2294 4376 verbo
2342 4327 2601 4376 ποιεῖν.
