3550 5167
951 3318 975 3349 Ο

1109 480 1204 552 64
1376 474 1396 494 '
1829 481 1991 574 Cap.
2037 479 2145 550 II.
2246 480 2359 548 Ps.
2408 482 2523 553 95.

1103 677 1392 749 noluerit
1407 728 1429 762 ,
1476 675 1955 747 reluctantibus
2003 675 2163 746 licet
2186 676 2577 751 Occidentis
2611 679 2944 767 ecclesiis,
2993 687 3065 754 in
3110 684 3266 781 qui-

1100 792 1229 860 bus
1275 818 1404 888 per
1465 791 1720 887 aliquot
1783 790 2043 861 saecula
2111 817 2189 860 ea
2251 790 2451 864 lectio
2527 797 2892 869 substiterit
2949 791 3105 870 etc(
3180 802 3266 867 In

1097 906 1206 976 his
1250 905 1532 975 multum
1580 906 1973 990 calumniae,
2045 930 2287 1001 parum
2346 910 2512 978 veri.
2608 910 2782 979 Nam
2831 913 3011 1008 apud
3060 915 3264 982 Iusti-

1099 1023 1266 1089 num'
1309 1021 1409 1113 (p.
1447 1021 1591 1092 298
1628 1014 1895 1112 colon.)
1956 1023 2226 1089 omnino
2304 1024 2519 1116 gravis
2588 1025 2787 1120 culpa
2852 1030 2926 1095 in
2973 1026 3262 1096 Iudaees

1102 1138 1452 1206 coniicitur
1498 1138 1603 1205 his
1649 1138 1910 1205 verbis:
1982 1130 2132 1204 α’πὸ
2196 1131 2336 1204 τοῦ
2389 1129 2857 1219 &vermem-023
2922 1138 3261 1231 πέμπτου

1099 1248 1409 1342 ψαλμοῦ·
1482 1242 1625 1321 wir
1707 1243 1838 1319 διὰ
1908 1244 2154 1320 Δαυὶδ
2240 1248 2664 1347 λεχθέντων
2740 1251 2969 1349 λόγων
3041 1249 3261 1338 λέξεις

1100 1358 1403 1462 βραχεῖς
1450 1362 1852 1464 ἀφείλοντο
1900 1360 2076 1434 daco*
2119 1361 2294 1435 τοῦ
2353 1360 2638 1451 ξύλου
2678 1367 2838 1457 κτλ,
2938 1371 3262 1466 Sequitur

1100 1480 1361 1549 ibidem
1406 1483 1706 1549 recitatio
1755 1483 1954 1550 totius
2002 1479 2277 1567 Psalmi,
2343 1485 2417 1551 in
2483 1510 2615 1579 qua
2657 1503 2881 1552 tamen
2931 1487 3055 1553 ista
3105 1482 3260 1552 α’πὸ

1065 1597 1242 1680 ,τοῦ
1279 1588 1501 1680 ξύλου
1548 1594 1814 1664 silentio
1862 1597 2409 1679 transmittuntur,
2452 1599 2541 1665 ita
2588 1616 2663 1666 ut
2710 1598 2894 1665 nulla
2943 1623 3024 1667 ex
3065 1617 3262 1693 parte

1103 1730 1421 1805 appareat
1501 1712 1973 1780 criminationis
2060 1712 2429 1805 probabilis
2507 1735 2700 1780 cansa
2743 1708 2829 1798 *).
2944 1714 3260 1807 Denique

1103 1842 1331 1893 monet
1375 1823 1812 1908 manchium,
1861 1849 2005 1894 sese
2055 1825 2222 1893 haec
2268 1825 2609 1922 disputare
2623 1877 2644 1908 ‚
2686 1845 2761 1894 ut
2807 1825 3039 1895 Italam
3080 1828 3257 1895 Vei·-

1102 1940 1361 2007 sionem
1407 1940 1522 2034 ab·
1554 1940 1717 2034 ipsis
1783 1938 1944 2008 fidei
1999 1939 2415 2010 incunabulis
2467 1959 2761 2009 exortam
2824 1941 2908 2006 ab
2973 1939 3258 2009 ccclesia

1101 2052 1395 2122 Romana
1471 2058 1745 2149 eiusque
1810 2057 2180 2151 propagine
2251 2054 2564 2123 Africana
2646 2053 2953 2126 ostendat
3015 2072 3258 2126 sartam

1052 2200 1056 2204 ·
1101 2153 1343 2238 tectam
1392 2168 1600 2252 tradi,
1652 2189 1719 2239 et
1766 2196 1939 2265 quae
1987 2189 2142 2239 sunt
2186 2169 2263 2238 id
2310 2195 2518 2264 genus
2567 2168 2718 2241 alia.

1297 2286 1525 2380 Longa
1576 2284 2022 2379 disputatione
2068 2287 2182 2353 hic
2231 2284 2427 2353 facile
2479 2308 2817 2367 caremus,
2881 2311 3014 2380 qua
3061 2309 3254 2353 rece·-

1100 2416 1287 2491 ptam
1335 2417 1634 2466 tueamur
1654 2449 1676 2481 ‚
1726 2425 1937 2493 quum
1985 2398 2111 2467 soli
2157 2401 2374 2469 Latini
2422 2398 2596 2467 illud
2644 2398 2905 2492 lignum
2944 2401 3254 2501 habeant,

1102 2511 1193 2581 de
1236 2512 1424 2581 cuius
1471 2514 1741 2598 veritate
1792 2530 1858 2581 et
1907 2508 2270 2609 αὐὲεγτίᾳ
2317 2515 2426 2582 vix
2479 2516 2830 2609 quisquam
2863 2513 3051 2582 aliter
3083 2512 3257 2582 iudi-

1104 2629 1316 2712 cabit,
1382 2652 1582 2722 quam
1648 2626 1933 2720 iudicari
1987 2627 2192 2697 debet
2255 2628 2343 2696 de
2407 2648 2507 2699 tot
2572 2632 2929 2723 segmentis
2999 2647 3262 2697 sanctae

1106 2746 1323 2813 crucis
1373 2771 1410 2811 a
1459 2743 1531 2813 S.
1581 2741 1836 2812 Helena
1902 2769 2077 2815 saec.
2128 2745 2245 2813 IV.
2294 2746 2597 2812 inventae
2647 2742 2735 2810 ad
2782 2759 3006 2809 nostra
3053 2767 3264 2836 usque
3314 2833 3321 2840 Κ

1083 2879 1410 2955 ¹tempora
1449 2862 1751 2928 servatis:
1812 2861 1884 2926 in
1934 2877 2113 2927 textu
2159 2857 2658 2952 Psalmographi
2712 2873 2969 2958 'pfl-372
3028 2857 3271 2925 intole-·

1107 2974 1333 3043 babile
1382 2975 1576 3047 foret.
1676 2973 1818 3043 Sed
1859 2998 1980 3043 cur
2044 2970 2273 3069 μύρον
2338 2967 2456 3040 ἐπὶ
2520 2963 2771 3068 φακῇὶ)
2838 2973 3140 3053 Scilicet,
3195 2990 3267 3040 ut

1113 3090 1312 3158 etiam
1354 3090 1466 3157 hic
1512 3089 1994 3184 intelligamus,
2044 3111 2246 3182 quam
2290 3088 2466 3154 bene
2510 3088 2863 3155 nobiscum
2904 3104 3122 3152 actum
3164 3088 3266 3166 sit,

1113 3202 1301 3297 quod
1350 3203 1572 3272 divina
1619 3202 2042 3300 providentia
2092 3202 2179 3271 ad
2228 3200 2588 3287 tuendum,
2657 3220 2724 3272 et
2769 3201 2982 3270 sicubi
3030 3223 3266 3270 naevos

1180 3490 1236 3563 ⁴¹)
1274 3488 1596 3544 Grabius
1634 3485 1705 3542 de
1733 3489 1902 3543 Vitiis
1937 3496 2039 3544 etc.
2081 3506 2194 3560 pag.
2225 3492 2292 3559 34
2327 3489 2701 3545 mutilationes
2736 3491 2872 3545 sacri
2907 3490 3020 3544 τῶν
3052 3486 3109 3543 O'
3145 3498 3266 3543 tex-

1317 3587 1429 3643 tus,
1467 3593 1604 3651 quas
1642 3577 1881 3631 lustinus
1901 3576 2183 3647 Tryphoni
2226 3577 2430 3634 Iudaeo
2465 3576 2775 3647 exprobrat,
2805 3579 3127 3632 nominatim
3162 3578 3269 3629 ali-

1319 3670 1459 3737 quot
1496 3663 1877 3736 pericoparum
1928 3664 2193 3718 iacturam
2239 3680 2354 3717 non
2399 3661 2722 3715 Iudaeorum
2763 3663 3008 3715 malitiae
3043 3662 3269 3723 tribuit,

1318 3750 1418 3805 sed
1454 3750 1747 3819 (eiusmodi
1780 3758 1963 3805 textus
1994 3751 2309 3820 particulas,
2344 3765 2486 3821 quae
2519 3766 2632 3802 non
2662 3757 2977 3820 comparent
3001 3750 3059 3801 in
3084 3748 3271 3816 Hebr.)

1321 3840 1506 3909 potius
1539 3852 1577 3892 a
1608 3838 1914 3910 primaevis
1968 3836 2310 3891 Christianis
2357 3837 2752 3908 explicationis
2786 3838 2977 3906 gratia
3015 3833 3093 3887 ad
3127 3850 3269 3885 mar-

1322 3926 1505 3995 ginem
1559 3922 1909 3996 adscriptas,
1969 3921 2208 3995 indeque
2259 3926 2325 3979 in
2372 3925 2550 3995 ipsum
2599 3935 2803 3976 textum
2851 3933 3042 3993 postea
3080 3920 3271 3971 illatas

1325 4020 1528 4068 censet.
1600 4011 1719 4064 Hoc
1757 4013 1828 4065 dc
1864 4010 1979 4064 illis
2014 4001 2133 4063 dud
2169 4013 2274 4064 τοῦ
2311 4010 2482 4071 ξύλου
2517 4025 2721 4062 summa
2759 4006 3148 4079 probabilitate
3183 4002 3269 4055 di-

1327 4100 1489 4150 citur.
1558 4097 1724 4151 Paulo
1766 4098 1928 4151 aliter
1974 4096 2188 4167 iudicat
2232 4098 2321 4148 Io.
2359 4096 2408 4149 G
2431 4114 2527 4150 eo.
2568 4097 2794 4148 Geret
2830 4096 2891 4148 in
2927 4096 3269 4145 commentat.

1329 4183 1460 4238 hist.
1497 4185 1616 4239 crit.
1651 4182 1722 4237 de
1756 4184 1963 4236 caussis
1998 4180 2485 4251 discrepantiarum
2523 4183 2672 4239 Vere.
2713 4180 2847 4236 Lxx
2896 4194 2925 4229 a
2974 4182 3125 4231 textu
3163 4176 3271 4229 ori-

1326 4270 1514 4342 ginali.
1587 4269 1791 4325 Onoldi
1837 4268 1996 4340 1742..
2027 4284 2081 4339 p,
2121 4271 2203 4325 56.
