3550 5167
988 532 1080 602 60
1701 535 1862 629 cap.
1915 535 2021 607 II.
2119 537 2233 604 P...
2285 540 2401 610 87.

985 728 1272 798 librariis
1317 732 1504 824 quasi
1563 730 1968 825 postliminio
2028 752 2504 804 revocarentur
2559 731 2852 831 vulgatae
2920 732 3126 805 canti-2

985 841 1177 911 lenae
1238 842 1519 914 adsuetis
1585 872 1666 914 ex
1712 874 1838 915 usu
1898 847 2362 918 ecclesiastico.
2465 848 2705 919 Obstat
2754 870 2820 920 et
2865 850 3125 920 indoles
3204 872 3209 876 ’

990 943 1516 1052 ‘templorum'
1571 958 1696 1028 de·
1734 963 1975 1056 quibus
1997 1013 2017 1046 ,
2099 964 2262 1031 dum
2324 966 2727 1032 contrarium
2795 984 3127 1033 ostensum

984 1071 1215 1155 fuerit,
1263 1074 1742 1144 Montfaueonii
1791 1079 2182 1147 sententiam
2230 1077 2614 1173 amplectar.
2718 1080 2782 1147 Is
2822 1078 3126 1146 Praelim.

984 1212 1054 1279 p.
1111 1192 1198 1259 10
1262 1190 1520 1258 infima:
1594 1193 2045 1286 Exploratum
2101 1209 2266 1275 est.
2303 1195 2558 1288 inquit,
2625 1209 2887 1262 textum
2908 1187 3135 1314 ΨΧΧ

992 1303 1171 1370 Intt.
1221 1308 1295 1371 in
1345 1307 1414 1374 T
1404 1308 1683 1400 etraplis
1734 1333 1877 1375 non
1928 1307 2357 1376 emendatum
2385 1311 2656 1398 fuisse:
2723 1308 2851 1376 sed
2887 1325 3130 1402 postea

991 1423 1068 1485 in
1128 1421 1463 1513 Heaeaplis
1536 1421 1611 1489 id
1675 1428 2100 1516 praestitisse
2178 1426 2566 1517 Origenem.
2700 1426 3134 1517 Quapropter

991 1534 1108 1601 ubi
1176 1534 1263 1601 de
1319 1536 1751 1604 emendanda
1815 1540 2018 1609 LXX
2086 1541 2260 1609 Intt.
2327 1541 2617 1607 lectione
2667 1545 2900 1632 agitur
2945 1538 3133 1632 apud

996 1667 1281 1728 veteres,
1330 1653 1672 1746 Hexapla,
1698 1678 1987 1748 semper,
2040 1658 2110 1725 T
2100 1655 2367 1749 etrapla
2418 1679 2764 1751 nunquam
2811 1633 3133 1721 citantur.

994 1765 1476 1834 Confitebimur
1506 1819 1525 1849 ,
1607 1772 1662 1837 si
1729 1773 1958 1864 utique
2037 1790 2340 1865 oporteat
2366 1822 2389 1855 ,
2463 1797 2705 1865 paucas
2773 1790 2840 1837 et
2898 1788 3136 1863 sponte

995 1881 1244 1950 oblatas
1318 1882 1808 1966 emendationes
1872 1888 1945 1953 in
2002 1886 2336 1981 Tetraplis
2410 1887 2649 1955 fuisse:
2733 1883 2808 1953 id
2864 1870 3138 1951 minime

996 1998 1231 2065 sufficit
1255 2049 1275 2080 ,
1353 2018 1427 2067 ut
1486 1999 1900 2069 Psalmorum
1974 2000 2265 2095 aliquem
2331 2001 2656 2071 Codicem
2730 2001 3136 2069 strictissimo

996 2136 1195 2180 sensu
1244 2113 1666 2208 tetraplarem
1704 2141 2185 2210 nuncupemus.
2283 2117 2441 2185 Esto
2494 2119 2689 2200 enim,
2740 2135 2816 2184 ut
2859 2117 2930 2181 in
2965 2117 3175 2206 Fen-¹

995 2230 1339 2313 tateucho,
1394 2227 1579 2323 quod
1625 2233 1842 2299 innuit
1884 2230 2258 2300 Holmesius
2278 2282 2300 2314 ,
2348 2251 2459 2300 aut
2507 2233 2671 2299 aJiis‘
2699 2231 2907 2297 libris·
2931 2230 3012 2295 V.
3055 2229 3137 2294 Τ.

998 2361 1294 2411 veterum
1356 2348 1571 2413 variae
1629 2365 1840 2414 textus
1913 2339 2334 2430 recensiones
2402 2349 2552 2413 satis
2612 2371 2791 2412 nunc
2841 2344 3143 2433 dignosci

1003 2456 1580 2551 disterminarique
1629 2460 1918 2551 possint;
1970 2479 2190 2527 tamen
2222 2460 2443 2528 oleum
2475 2478 2542 2528 et
2576 2484 2847 2553 operam
2881 2457 3141 2552 perdet,

1003 2574 1303 2665 quisquis
1353 2576 1425 2639 in
1456 2573 1763 2655 PsalmiS,
1810 2598 2096 2668 quorum
2144 2576 2415 2643 omnino
2465 2577 2679 2642 variae
2712 2576 3141 2642 ‘recensiones

1000 2686 1090 2754 ad
1130 2712 1251 2778 nos
1298 2708 1782 2782 pervenerunt,
1835 2691 2092 2758 curiose
2143 2689 2519 2759 dissociare·
2549 2688 2830 2759 voluerit
2856 2687 3143 2787 Codices

999 2800 1125 2882 τῆς
1174 2797 1438 2884 Κοινῆς
1502 2831 1542 2871 a
1606 2804 2072 2901 tetraplaribus
2096 2857 2118 2889 ,
2186 2805 2571 2899 tetraplares
2635 2805 2719 2871 ab
2773 2804 3154 2898 hexaplari-ae-

1000 2919 1164 2985 hus:
1238 2917 1404 2987 adeo
1460 2937 1658 2988 testes
1720 2918 2086 2996 lectionum
2137 2921 2439 2990 Psalterii
2488 2920 2575 2987 ad
2623 2945 2827 2987 unum
2875 2923 3170 3006 omnes-‚1

1003 3032 1117 3100 alii
1163 3052 1382 3103 tamen
1430 3032 1652 3119 aliter,
1699 3034 1931 3103 infecti
1971 3037 2429 3130 inquinatique
2463 3053 2614 3103 sunt
2642 3035 2912 3103 vocibus
2941 3035 3145 3127 phra-
3174 3127 3179 3132 .

1003 3149 1321 3242 sibusque
1373 3152 1590 3218 minus
1649 3152 1923 3219 sinceris
1943 3176 1991 3233 ,·
2030 3152 2405 3245 peregrinis
2438 3169 2520 3219 et
2571 3176 2608 3218 a
2658 3148 2907 3219 calamo
2955 3151 3145 3243 ipso-

1002 3285 1157 3330 rum
1195 3264 1383 3330 LXX
1432 3264 1679 3333 alienis.

1198 3377 1303 3443 Ps.
1354 3379 1491 3460 87,
1541 3382 1585 3448 5
1684 3375 1860 3477 ε’ῤῥ
1897 3377 2342 3471 ιμμένοι
2407 3371 3029 3458 καθεύδοντες
3071 3375 3162 3472 ἐνὶ

1008 3488 1265 3587 τάφῳ,
1337 3493 1543 3560 Hebr·
1623 3517 1755 3592 unp
1816 3518 2020 3577 ’.ιι-πυ,
2109 3494 2519 3582 (Kennicotti
2573 3496 2855 3589 aliq-not
2926 3492 3165 3563 codd.

1006 3630 1139 3707 m?
1182 3606 1358 3695 ηοω)
1395 3593 1599 3703 Syrus
1644 3613 1884 3680 omisso
1917 3612 2539 3705 priori-participio⁴
2571 3611 2818 3701 2:222
2871 3621 3156 3707 Q?

1007 3730 1127 3818 qui
1164 3725 1513 3795 dormiunt
1554 3731 1630 3795 in
1693 3726 2034 3820 sepulcris.
2135 3727 2400 3796 Habent
2462 3746 2817 3820 utrumque
2879 3726 3154 3819 partici-

1004 3833 1197 3934 pium
1261 3843 1384 3910 sed
1441 3843 1703 3911 inverso
1767 3840 2006 3911 ordine
2069 3840 2484 3912 dormientes
2538 3845 2832 3937 proiecti
2878 3840 3153 3935 SGerm.

1007 3954 1194 4024 Rom.
1246 3958 1449 4027 Corh.
1515 3958 1827 4028 Ambros.
1887 3956 2181 4026 Cassiod.
2252 3956 2600 4045 (omittunt
2649 3959 2944 4048 proiecti
2983 3953 3154 4043 Aug.

1007 4068 1234 4164 Vulg.)
1284 4074 1443 4140 item
1490 4071 1741 4141 abiecti
1786 4078 2088 4143 iacentes
2128 4073 2249 4141 Ar.
2297 4075 2410 4143 W.
2457 4066 2624 4159 (non
2672 4073 2875 4139 hahet
2922 4051 3157 4135 incen-

1011 4203 1118 4254 tes
1164 4187 1279 4254 Ar.
1311 4185 1508 4271 Mar.)
1559 4213 1637 4257 ac
1686 4188 1986 4258 similiter
2031 4188 2374 4281 Aethiops.
2472 4189 2690 4257 Habet
2738 4182 3161 4253 catkeudon«

1014 4322 1118 4374 tes
1170 4306 1578 4395 errimmeny
1632 4304 1907 4386 Veron.
1978 4303 2188 4373 Abest
2236 4298 2642 4399 ἐρριμμέναι
2690 4320 2763 4371 ut
2803 4297 2984 4395 apud
3030 4297 3159 4393 Sy·-
3223 4359 3226 4364 .
