3550 5167
1008 537 1166 628 Cap.
1220 536 1323 614 ΙΙ.
1367 534 1480 625 Sp.
1585 538 1697 605 Ps.
1748 539 1863 607 23.
1918 536 2032 608 26.
2485 534 2577 609 43

428 756 772 830 ronymus‚
823 735 1224 805 Hebraieum
1267 749 1514 801 tex-tum
1563 750 1824 802 vertens
1872 735 2126 803 Levate
2173 750 2415 826 portae
2466 759 2582 812 ca-

422 856 571 943 pita
617 866 861 919 vestra.
933 851 1199 942 Ergone
1243 849 1315 914 in
1357 848 1702 942 hexaplari
1755 866 1941 918 textu
1997 850 2378 919 substitutae
2430 868 2580 918 sunt

428 964 598 1033 πύλ
620 988 717 1033 αι
781 966 1023 1058 ineptis
1089 964 1558 1057 principibus?
1636 966 1769 1034 imo
1823 986 1949 1059 per
1998 989 2226 1033 omnes
2273 982 2471 1033 testes
2514 984 2581 1035 et

428 1085 689 1149 testium
739 1079 978 1148 classes
1025 1096 1364 1171 receptam
1409 1080 1685 1147 retineri
1750 1078 2082 1167 videmus3
2155 1078 2322 1147 adeo
2381 1078 2580 1172 longe

425 1198 661 1265 Critici
714 1214 966 1265 veteres
1031 1193 1385 1262 abfuerunt
1453 1217 1491 1262 a
1557 1195 1922 1263 constantia
2000 1213 2068 1264 et
2140 1196 2580 1289 perpetuitate

424 1310 712 1404 quadam
779 1312 916 1378 eius
983 1307 1459 1377 emendationis
1489 1359 1511 1390 ‚
1590 1333 1792 1403 quam
1857 1289 2019 1377 sibi'
2061 1306 2579 1404 proposuerant!

421 1425 632 1493 Falsis
674 1427 926 1520 pariter
979 1448 1055 1492 ae
1104 1426 1339 1505 rectis,
1408 1426 1740 1517 corruptis
1791 1449 2004 1519 aeque
2051 1450 2131 1493 ae
2170 1423 2350 1493 ‘sanis
2398 1448 2580 1491 nunc

421 1538 523 1607 illi
566 1558 1047 1635 pepercerunt,
1096 1561 1277 1606 nunc
1316 1538 1719 1607 medicinam
1759 1539 2211 1610 admoverunt.

614 1657 718 1723 Ps.
770 1654 899 1737 26,
948 1653 1031 1724 6:
1128 1650 1503 1721 ἐκύκλωσα
1548 1652 1708 1726 κτλ.
1811 1656 2017 1751 Syrus
2077 1658 2310 1746 Amol]
2369 1658 2582 1753 iungit

424 1771 961 1839 antecedentibus
982 1821 1002 1852 ,
1075 1788 1151 1838 ut
1219 1771 1309 1838 sit
1375 1793 1577 1863 super
1636 1774 1945 1839 inimicos
2008 1791 2192 1838 meos
2267 1776 2581 1850 circuivi,

425 1885 545 1954 sed
592 1905 902 1981 repetens
954 1888 1185 1974 Δεῖ-θα
1235 1886 1662 1979 sequentibus
1729 1911 2002 1981 quoque
2060 1884 2378 1981 applicat:
2445 1893 2579 1955 cir.-

424 2006 601 2072 cuivi
647 2019 717 2071 et
765 2002 1137 2082 immolavi,
1213 1979 1582 2069 cuiusmodi
1643 2003 2115 2095 geminationes
2184 2000 2366 2095 apud
2414 2000 2576 2069 alios

423 2137 617 2188 testes
682 2119 1088 2197 rarissimae,
1168 2117 1357 2184 etiam
1432 2118 1855 2185 inveniuntur
1926 2116 2105 2211 apud
2190 2118 2412 2211 ipsum
2481 2117 2572 2183 ih.

420 2259 512 2302 vs.
571 2234 693 2303 13:
744 2238 820 2301 in
884 2248 1073 2301 terra
1135 2237 1514 2299 viventium.
1614 2233 1710 2301 In
1779 2248 1973 2301 terra
2029 2237 2390 2301 viventium
2447 2247 2571 2300 etc·

419 2347 531 2418 Sic
577 2348 708 2431 39,
758 2348 824 2419 9.
884 2352 991 2420 10.
1058 2344 1190 2431 44,
1240 2353 1306 2420 8.
1382 2348 1677 2431 75’,“11.

611 2467 704 2532 At
744 2482 841 2531 est
886 2463 1012 2546 26,
1061 2463 1108 2531 6
1180 2464 1304 2531 alia
1356 2488 1627 2557 quoque
1669 2462 1869 2532 lectio
1920 2465 2184 2533 maloris
2233 2461 2573 2558 ponderis.

417 2580 547 2647 Pro
577 2596 848 2670 recepto
881 2595 1064 2645 textu
1112 2570 1393 2647 θυσίαν
1441 2574 2010 2669 ἀλαλαγμοῦ,
2062 2605 2267 2674 quem
2303 2605 2575 2673 reprae-

411 2710 678 2762 sentant
723 2692 935 2760 Vatie.
983 2693 1231 2760 Veron.
1280 2691 1467 2758 Alex.
1536 2711 1602 2759 et
1648 2711 1993 2785 praeterea
2045 2696 2142 2760 IV
2187 2694 2328 2760 fere
2378 2692 2572 2761 MSS.

419 2806 635 2876 Holm.
687 2802 854 2898 (scil.
905 2832 986 2874 ex
1036 2793 1252 2873 Codd.
1307 2808 1438 2889 55,
1497 2803 1670 2887 141,
1725 2805 1903 2888 156,
1959 2806 2099 2877 226
2142 2807 2309 2874 nihil
2357 2809 2574 2874 variae

419 2923 720 2991 lectionis
771 2940 1065 2990 notatum
1106 2919 1329 3004 video)
1374 2945 1509 2988 non
1556 2921 2067 2990 reclamantibus
2109 2922 2389 3002 Latinis,
2437 2922 2573 2987 Ae-

421 3039 688 3132 thiope,
735 3037 1191 3131 ApollinariO,
1255 3036 1463 3129 Syrus
1507 3036 1621 3104 dat
1689 3038 2049 3126 ῙΔμαωζρ
2103 3039 2329 3126 mus?
2402 3035 2466 3102 h.
2513 3059 2568 3101 e.

417 3149 697 3222 θυσίαν
764 3148 1192 3230 αἰνέσεως
1217 3203 1237 3234 ,
1323 3149 1509 3245 quod
1571 3151 1822 3218 habent
1889 3151 2024 3218 duo
2089 3150 2287 3217 MSS.
2351 3150 2569 3218 Holm.

425 3265 595 3350 184,
643 3272 785 3339 210
849 3288 924 3336 ut
987 3285 1054 3336 et
1112 3268 1327 3335 Arabs
1377 3263 1436 3351 *)
1502 3268 1998 3334 Maronitarum.
2099 3263 2236 3332 Sed
2294 3259 2572 3334 θυσίαν

353 3381 360 3390 '
415 3381 842 3461 αἰνέσεως
890 3377 1044 3452 καὶ
1096 3378 1652 3472 ἀλαλαγμοῦ
1700 3382 1822 3451 CV
1848 3379 2042 3450 MSS.
2067 3379 2569 3472 Holm.Compl.

414 3498 568 3567 Ald.
620 3498 983 3566 Corderius
1048 3499 1121 3564 in
1188 3498 1437 3565 Catena
1495 3501 1765 3565 Patrum
1831 3496 2240 3563 Graecorum
2302 3497 2374 3561 in
2431 3498 2568 3562 Pss.

417 3612 707 3706 Cyrillus
757 3612 945 3683 Alex,
980 3615 1174 3681 Tom.
1213 3615 1343 3682 VH
1394 3631 1624 3681 contra
1666 3613 1992 3679 Iulianum
2016 3663 2037 3693 ‚
2080 3609 2569 3693 Theodoretus,

414 3728 628 3797 Arabs
679 3726 994 3798 Waltoni.
1104 3729 1452 3797 Manifesta
1507 3728 1620 3796 hie
1673 3745 1774 3797 est
1840 3716 2381 3821 διττογραφίαε
2461 3744 2570 3795 aut
2678 3809 2693 3820 .„

482 4043 532 4117 ‘‚)
569 4040 659 4094 Sic
697 4048 994 4113 praeeunte
1028 4041 1263 4097 Lndolfo
1320 4042 1598 4097 nominavi
1650 4039 1876 4094 Librum
1913 4039 2241 4093 Psalmorum
2290 4039 2420 4090 Dav.
2450 4039 2572 4108 ³103.

620 4136 678 4181 et
712 4127 905 4200 proph.
962 4144 1028 4184 ex
1064 4130 1225 4182 Arab.
1279 4129 1540 4182 idiomate
1599 4131 1658 4182 in
1712 4128 1827 4178 Lat.
1876 4127 2120 4179 translat.
2170 4141 2204 4177 a
2238 4124 2568 4179 victorio

620 4214 900 4269 Scialac
945 4211 1266 4279 Aecurensi,
1306 4222 1362 4270 et
1395 4213 1603 4270 Gabr.
1642 4215 1932 4270 Sionita
1972 4212 2284 4278 Edeniensi,
2325 4213 2567 4268 Maroui-

622 4304 692 4355 tis
734 4310 834 4357 cet.
906 4305 1104 4359 Romae
1150 4306 1291 4371 1614.
