3550 5167
1282 525 1679 594 Paradisus.
2434 527 2525 602 35

371 718 714 798 omittunt,
761 713 870 783 alii
920 735 1348 810 praepostere
1398 719 1731 787 ‘collocant
1767 720 2144 791 exhibendo
2174 722 2536 798 ἀπέναντι

369 834 491 911 τῆς
535 832 812 928 τρυφῆς
863 833 1002 899 τοῦ
1050 824 1528 927 παραδείσου.
1634 837 1829 927 Quae
1865 862 2022 905 vero
2056 845 2191 906 sita
2231 851 2528 921 variant,

371 947 556 1016 haud
596 966 759 1016 raro
809 948 1086 1015 aliunde
1132 949 1410 1018 adiecta
1455 967 1616 1018 sunt
1665 949 1751 1036 *).
1848 954 1943 1022 Ut
1987 950 2277 1025 breviter
2313 957 2531 1026 dicam

370 1064 560 1159 quod
605 1090 713 1132 res
765 1083 906 1147 est,
945 1066 1341 1135 vocabulum
1387 1068 1513 1144 τῆς
1558 1068 1838 1162 τρυφῆς
1881 1090 1980 1137 est
2030 1095 2287 1139 merum
2326 1076 2534 1141 inter-

367 1181 824 1274 polamentum
873 1164 1140 1250 aliunde
1187 1184 1551 1264 invectum,
1600 1182 1885 1277 Aquilae
1926 1188 2147 1279 potius
2195 1213 2393 1281 quam
2440 1191 2538 1284 τῇ

367 1296 595 1392 Κοινῇ
666 1296 1110 1366 asserendum.
1218 1300 1373 1368 Vox
1438 1296 1680 1376 Eden,
1757 1327 1964 1394 quam
2019 1321 2229 1371 textus
2288 1308 2532 1374 Masor.

371 1417 726 1509 quinquies
765 1438 891 1506 per
936 1413 1110 1480 hanc
1157 1417 1550 1509 pericopam
1597 1417 1903 1499 exhibet,
1963 1416 2066 1484 bis
2114 1439 2366 1487 tantum
2413 1423 2537 1492 fuit

369 1531 444 1595 in
505 1527 760 1596 Codice
813 1528 1144 1596 Hebraico
1205 1531 1394 1596 LXX
1455 1532 1937 1625 Interpretum,
2024 1534 2205 1627 apud
2272 1562 2437 1628 quos
2497 1525 2542 1602 ὅ

370 1636 820 1741 παράδεισος
879 1644 1272 1738 simpliciter
1339 1645 1705 1738 respondet
1771 1647 2062 1741 simplici
2132 1671 2191 1743 ῃ
2264 1650 2368 1717 vel
2429 1672 2539 1746 3³⁵7

370 1781 448 1828 ut
495 1760 814 1854 Cap.13,
870 1763 987 1828 10:
1031 1756 1075 1825 ὁ
1122 1750 1570 1857 παράδεισος
1616 1755 1754 1827 τοῦ
1793 1760 2013 1830 ἓεοῦς
2068 1765 2139 1829 in
2183 1784 2363 1833 textu
2395 1768 2538 1859 pii·

368 1877 659 1969 migenio
711 1875 1053 1968 scriptoris
1103 1876 1309 1942 Hebr.
1359 1875 1562 1943 Eden
1612 1878 1882 1944 omnino
1933 1902 2070 1945 non
2117 1878 2258 1946 fuit.

570 1990 754 2075 Quid
818 1988 907 2057 ad
967 1989 1375 2059 enervandas
1441 1993 1561 2058 has
1621 1993 2032 2059 coniecturas
2109 1992 2354 2060 dicturi
2413 1996 2542 2062 sint

370 2106 808 2176 Masorethici
870 2125 1082 2174 textus
1131 2108 1437 2200 patroni,
1505 2131 1812 2201 magnam
1859 2128 2121 2201 partem
2167 2109 2544 2202 praevideo.

375 2222 558 2307 Quid
608 2224 880 2304 attinet,
929 2223 1186 2315 inquiS,
1234 2220 1496 2289 Edenis
1533 2247 1781 2312 nomen
1821 2224 2127 2317 ambigua
2155 2225 2338 2290 LXX
2389 2226 2540 2293 Intt.

374 2341 760 2408 auctoritate
811 2362 893 2405 ex
939 2338 1045 2405 his
1094 2336 1355 2406 duobus
1408 2338 1621 2434 Capp.
1672 2340 2121 2414 summoveri,
2166 2340 2222 2406 si
2273 2359 2352 2406 ex
2403 2340 2545 2406 aliis

381 2454 548 2523 locis
595 2454 678 2522 V.
729 2457 811 2520 T.
864 2455 1014 2521 ciici
1074 2477 1210 2521 non
1256 2454 1525 2548 potest?
1595 2456 1650 2521 si
1718 2443 1792 2521 in
1837 2455 1984 2548 ipsa
2035 2453 2282 2521 Genesi
2332 2453 2400 2538 4,
2459 2455 2547 2524 16

383 2572 670 2640 recurrit
731 2561 978 2659 Εδέμῖ
1043 2571 1099 2636 si
1154 2567 1235 2637 et'
1278 2572 1651 2664 prophetae
1716 2570 1888 2637 illud
1952 2594 2199 2637 nomen
2261 2589 2547 2653 tuentur,

383 2684 525 2753 ῙοόῙ
578 2690 645 2772 2,
700 2686 774 2754 3:
824 2681 910 2763 ὥς
956 2676 1402 2777 παράδεισος
1449 2687 1808 2782 τρυφῆς
1850 2683 1891 2763 ἡ
1942 2686 2026 2775 γῆ
2074 2681 2215 2779 πρὸ
2268 2664 2551 2780 προσώξ

385 2821 528 2868 που
575 2795 843 2887 αὐτοῦ,
907 2802 1139 2868 it.'Ez.
1193 2802 1325 2885 31,
1382 2801 1477 2871 92*
1516 2795 1888 2886 ἐζήλωσαν
1940 2797 2174 2868 αὐτὸν
2224 2797 2325 2867 τὰ
2366 2793 2550 2881 ξύλα

382 2918 521 2984 τοῦ
568 2906 1029 3015 παραδείσου
1077 2917 1232 2993 τῆς
1281 2918 1630 3010 τρυφῆς
1677 2917 1817 2981 τοῦ·
1864 2909 2082 3010 2⁶05,
2144 2917 2233 2981 ib.
2281 2937 2369 2982 vs.
2431 2914 2550 2982 16:

384 3028 633 3101 πάντα
668 3027 770 3100 τὰ
808 3023 994 3113 ξύλα
1040 3032 1192 3109 τῆς
1237 3029 1629 3163 τρυφῆς,
1681 3031 1923 3123 quibus
1960 3028 2136 3097 addo
2175 3030 2301 3096 Ics.
2324 3031 2441 3110 51,
2470 3032 2545 3098 3.

386 3146 476 3228 ὦς
504 3139 1135 3245 παραδεισον,
1187 3145 1496 3241 quibus
1478 3172 1549 3213 111
1595 3143 1762 3213 locis
1803 3170 2049 3213 nomen
2076 3144 2327 3212 Eden
2308 3164 2435 3211 iter
2441 3171 2550 3211 um

384 3268 759 3358 iterumque
822 3282 1163 3359 comparet
1213 3287 1291 3331 ac
1342 3260 1555 3329 deleri
1603 3277 1742 3329 non
1788 3247 2057 3354 potest?
2158 3257 2339 3346 Quid
2388 3287 2549 3354 pro·-

388 3377 563 3448 derit
619 3378 705 3445 ad
744 3378 931 3447 LXX
989 3401 1355 3474 provocare
1424 3378 1642 3447 invitis
1708 3400 1785 3444 ac
1850 3373 2359 3444 reclamantibus
2412 3377 2549 3442 He·-

384 3475 740 3562 braeorum
781 3491 976 3561 MSS.
1018 3493 1322 3561 omnibus
1343 3544 1364 3575 ,
1413 3509 1824 3586 repugnante
1865 3493 2061 3559 etiam
2100 3492 2545 3557 Pentateucho

386 3606 840 3704 Samaritano?
941 3607 1122 3694 Quid
1179 3632 1385 3702 porro
1453 3606 1725 3695 absurdi
1786 3624 1884 3674 est
1943 3607 2015 3671 in
2064 3604 2181 3673 illo
2233 3604 2546 3671 nominc?

389 3726 577 3818 quasi
632 3747 789 3792 vero
858 3724 1074 3817 aptius
1136 3742 1204 3790 ct
1264 3720 1820 3791 accommodatius
1845 3771 1867 3803 ,
1938 3718 2332 3813 elegantius,
2400 3718 2550 3783 ‹lul-

389 3840 561 3923 cius,
617 3833 1140 3933 magnificentius
1190 3837 1473 3904 inveniri
1519 3834 1873 3929 potuisset!
1972 3835 2227 3920 Quibus
2282 3832 2546 3898 tandem

389 3953 473 4022 de
527 3958 734 4023 causis
797 3972 1094 4022 veterum
1143 3950 1537 4018 Iudaeorum
1589 3950 2013 4018 Litteratorcs
2065 3948 2137 4015 id
2190 3949 2327 4016 ausi
2372 3967 2541 4027 suut,

432 4231 607 4301 *)Sic
645 4233 843 4302 passim
882 4234 949 4284 Η.
992 4232 1247 4292 Grotius,
1298 4231 1373 4282 Ιο
1410 4229 1523 4283 Alb
1563 4230 1853 4299 Bangelius
1905 4225 1971 4280 ad
2015 4227 2076 4280 N
2123 4223 2183 4277 Τ.
2258 4223 2336 4278 Cf
2380 4224 2546 4282 Gere-

523 4317 666 4388 dovf
684 4318 923 4389 Sprach-
940 4316 1357 4373 Characteristik
1394 4333 1443 4387 p
1480 4316 1566 4374 15·
1610 4319 1730 4370 ima
