3550 5167
837 552 845 560 ·
952 522 1045 597 54
1664 520 1827 609 Cap.
1880 517 1986 586 Il.
2089 515 2201 586 Ps.
2258 520 2368 584 71.

1148 725 1256 790 Ps.
1305 724 1433 798 71,
1488 713 1614 800 14,
1711 710 1838 782 καὶ
1896 703 2194 804 ἔντιμον
2271 703 2380 782 τό
2452 704 2742 804 ὄνομα
2825 711 3114 782 αὐτῶν

954 833 1255 912 ἐνώπιον
1303 830 1611 901 αὐτοῦ.
1711 828 1920 924 Syrus
1963 849 2296 939 xoet-³³:³54>
2351 845 2541 904 ema
2601 848 2876 937 mmo,
2941 832 3007 898 h.
3053 857 3108 899 e.

953 950 1080 1023 καὶ
1125 943 1420 1040 ἔντιμον
1464 942 1560 1015 τό
1609 937 1850 1037 ὄνομα
1891 945 2187 1013 αὐτοῦ
2244 942 2544 1015 ἐνώπιον
2587 946 2895 1017 αὐτῶν.
2993 949 3112 1020 Est

955 1066 1048 1140 τό
1098 1058 1335 1158 ὄνομα
1377 1062 1614 1132 αὐτοῦ
1659 1064 1735 1131 in
1775 1063 2026 1132 Veron.
2076 1062 2134 1129 C
2185 1062 2328 1131 fere
2375 1061 2597 1131 Holm.
2648 1062 2913 1158 Compi.
2956 1061 3108 1131 Ald.

957 1185 1139 1282 apud
1197 1182 1524 1250 Iustinum
1570 1180 1767 1247 Mart.
1815 1176 1994 1246 Edit.
2039 1176 2277 1247 Colon.
2323 1181 2467 1250 252
2488 1230 2505 1259 ,
2566 1179 3070 1275 Theodoretum
3090 1232 3110 1263 ,

954 1303 1072 1370 Ar.
1120 1297 1315 1368 Aeth.
1409 1297 1531 1364 Est
1576 1288 1878 1364 ἐνώπιον
1926 1291 2225 1362 αὐτοῦ
2262 1296 2337 1361 in
2381 1296 2630 1366 Veron.
2672 1296 2924 1362 LXXX
2972 1296 3114 1363 fere

958 1414 1254 1484 Holmes.
1305 1431 1373 1484 ct
1422 1409 1606 1505 apud
1652 1408 1951 1504 reliquos
1995 1435 2164 1503 quos
2211 1411 2635 1480 nominabam
2677 1430 2893 1481 testes.
2964 1409 3114 1479 Six-

960 1534 1135 1609 tinae
1185 1528 1546 1596 lectionem
1587 1526 1912 1624 expressit
1955 1524 2439 1619 Apollinarius:

1177 1642 1385 1711 ’Τῶν
1434 1632 1501 1708 δ’
1537 1630 1685 1736 ἄρα
1737 1636 1814 1707 οἱ
1860 1636 2255 1710 κατέναντι
2316 1641 2737 1737 φανήσεται
2790 1622 3113 1732 οὔνομ’

2139 1751 2431 1849 ἀγητόν.

962 1876 1077 1951 Sic
1124 1872 1407 1958 Tei-tull.
1458 1892 1527 1943 et
1570 1872 1768 1943 Psalt.
1819 1871 2096 1942 SGerm.
2162 1898 2292 1942 nec
2341 1892 2561 1942 tamen
2609 1898 2840 1943 omnes
2878 1874 3114 1941 Latini.

964 1991 1259 2059 Graecus
1321 1992 1654 2084 interpres
1721 2007 1973 2058 textum
2013 1989 2417 2057 Hebraicum
2437 2041 2456 2072 ,
2537 1991 2654 2085 qui
2718 2015 2910 2062 sanus
2980 2008 3118 2068 est,

891 2123 900 2130 ⁴
963 2130 1302 2201 exponere
1373 2104 1703 2174 debebat:
1784 2100 1910 2173 καὶ
1983 2093 2273 2196 ἔντιμον
2342 2101 2448 2173 τὸ
2522 2095 2755 2197 αἷμα
2825 2104 3119 2172 αὐτῶν

965 2219 1263 2291 ἐνώπιον
1315 2220 1425 2288 αὖ
1445 2223 1650 2306 τοῦ,
1720 2239 1789 2290 et
1852 2222 1948 2289 sic
2016 2222 2100 2289 ab
2169 2246 2249 2289 eo
2317 2224 2641 2315 scriptum
2688 2221 2887 2288 fuisse
2935 2218 3118 2287 haud

967 2362 1329 2438 perperam
1378 2335 1868 2410 contenderunt
1911 2334 2080 2403 Lud.
2116 2335 2477 2431 cappellus
2495 2388 2518 2420 ‚
2563 2338 2888 2405 Martinus
2921 2336 3120 2403 Geie-

964 2478 1079 2520 rus
1103 2502 1127 2535 ,
1191 2450 1527 2519 Kiifflems
1553 2502 1577 2535 ,
1650 2449 2131 2519 Schleusnerus
2160 2500 2184 2533 ,
2264 2450 2394 2518 alii.
2492 2451 2778 2519 Grabius
2846 2450 3122 2547 quidem

969 2567 1221 2634 cautius
1268 2565 1341 2632 in
1386 2566 1520 2633 hoc
1566 2562 1719 2633 loco
1738 2615 1760 2647 ‚
1825 2590 2025 2659 quam
2074 2565 2271 2633 alibi?
2334 2567 2405 2635 T
2394 2583 2957 2645 ram-mutassem,
3016 2569 3123 2633 in·-

969 2683 1145 2775 quit,
1186 2671 1488 2771 ὄνομα
1534 2683 1611 2747 in
1652 2669 1750 2746 αἶ
1768 2701 1928 2772 μα,
1983 2685 2122 2750 nisi
2163 2686 2538 2774 suspicatus
2565 2685 2899 2772 fuissem,
2950 2679 3122 2763 τοὺς

967 2790 1062 2890 ΟἸ
1108 2815 1281 2871 mm?
1342 2821 1471 2894 pro
1512 2814 1670 2875 mm
1722 2798 1987 2891 legisse.
2084 2796 2169 2864 Id
2229 2823 2386 2870 sane
2438 2798 2587 2866 fieri
2644 2799 2895 2893 potnit,
2969 2824 3119 2868 eva-

966 2932 1283 2982 nescente
1328 2940 1461 2980 una
1532 2911 1770 2984 littera.
1879 2914 1972 2983 At
2021 2936 2132 2979 me
2192 2909 2415 2981 iudice
2473 2898 2707 3005 ὄνομα
2774 2934 2874 2985 est
2937 2941 3125 2983 error

967 3031 1277 3106 omnibus
1326 3030 1715 3098 testimoniis
1763 3031 2131 3124 antiquior,
2185 3053 2386 3124 quem
2427 3030 2871 3127 Hieronymus
2916 3057 3004 3098 ne
3050 3031 3124 3098 in

970 3142 1317 3220 Gallicano
1368 3144 1644 3240 quidem
1682 3143 2002 3220 Psalterio
2054 3147 2388 3240 corrigere
2437 3170 2629 3214 ausus
2681 3164 2780 3214 est
2795 3197 2816 3229 ,
2891 3172 3124 3241 quam-

976 3284 1176 3357 quam
1239 3263 1386 3354 ipse
1450 3259 1536 3326 de
1582 3261 1917 3331 Hebraico
1980 3261 2178 3329 vertit
2238 3265 2580 3355 pretiosus
2645 3267 2780 3329 erit
2841 3265 3126 3354 sangdis

975 3399 1225 3444 eorum.
1322 3371 1720 3458 Parallelus,
1795 3375 1852 3444 si
1910 3399 2057 3443 rem
2115 3378 2338 3469 potius
2397 3403 2598 3471 quam
2656 3378 2860 3448 verba
2909 3365 3127 3445 eonsi-

972 3499 1322 3581 deremuS,
1390 3518 1492 3567 est
1536 3498 1644 3565 Ps.
1698 3500 1877 3581 115,
1926 3496 2010 3567 δε
2073 3491 2330 3589 Τίμιος
2378 3491 2711 3569 ἐναντίον
2773 3488 3024 3586 κυρίου
3067 3488 3127 3557 ὁ

971 3611 1368 3694 θάνατος
1409 3605 1552 3681 τῶν
1601 3607 1823 3685 ὁσίων
1871 3605 2122 3687 αὐτοῦ,
2224 3619 2443 3701 Quare
2489 3614 2693 3710 Syrus
2731 3637 2884 3680 cum
2931 3635 3130 3704 grege

973 3730 1254 3799 aliorum
1300 3730 1629 3808 librorum
1675 3726 1767 3799 τὸ
1816 3729 2052 3824 ὄνομα
2101 3729 2401 3800 αὐτοῦ’
2448 3729 2901 3801 exhibentium
2946 3723 3132 3792 Psal-
3178 3787 3189 3800 ,

973 3848 1325 3939 mographi
1374 3849 1769 3914 sententiam
1815 3849 2105 3943 pessime
2146 3849 2445 3930 invertit,
2487 3849 2658 3915 sicut
2703 3862 2772 3912 et
2812 3840 3130 3911 Scholion

976 3959 1321 4045 Corderii,
1384 3953 1671 4036 δικαιόν
1733 3958 1943 4034 ἐστιν
1963 4010 1988 4051 ,
2062 3955 2350 4032 αὐτόν
2406 3955 2610 4056 παρὰ,
2668 3954 2960 4028 πάντων
3019 3951 3131 4023 τι·

975 4064 1275 4164 μᾶσὲαι
1322 4072 1450 4154 καὶ
1500 4070 2036 4169 ὀνομάζεσθαι.

1170 4188 1432 4259 ibidem
1472 4218 1566 4262 vs.
1604 4196 1691 4265 17
1771 4186 1911 4287 πρὸ
1960 4197 2097 4261 τοῦ·
2140 4186 2352 4273 ἡλίου
2395 4182 2726 4283 διαμενεῖ
2771 4184 2861 4259 τό
2897 4165 3136 4278 ὄνομα,

979 4302 1240 4388 azizos&
1336 4306 1595 4396 Quibus
1655 4308 1910 4405 absque
1973 4307 2115 4379 ullo
2168 4310 2355 4405 signo
2406 4310 2639 4379 critico
2691 4305 2898 4402 Syrus
2948 4302 3135 4383 addit
