<?xml version="1.0" encoding="UTF-8"?>
<!DOCTYPE html PUBLIC "-//W3C//DTD XHTML 1.0 Transitional//EN"
    "http://www.w3.org/TR/xhtml1/DTD/xhtml1-transitional.dtd">
<html xmlns="http://www.w3.org/1999/xhtml" xml:lang="en" lang="en">
 <head>
  <title>
</title>
<meta http-equiv="Content-Type" content="text/html;charset=utf-8" />
  <meta name='ocr-system' content='tesseract 3.04.00' />
  <meta name='ocr-capabilities' content='ocr_page ocr_carea ocr_par ocr_line ocrx_word'/>
</head>
<body>
  <div class='ocr_page' id='page_1' title='image "./lectionesalexan00plgoog_0015.png"; bbox 0 0 3550 5167; ppageno 0'>
   <div class='ocr_carea' id='block_1_1' title="bbox 1145 501 2548 574">
    <p class='ocr_par' dir='ltr' id='par_1_1' title="bbox 1145 501 2548 574">
     <span class='ocr_line' id='line_1_1' title="bbox 1145 501 2548 574; baseline -0.001 -2"><span class='ocrx_word' id='word_1_1' title='bbox 1145 505 1253 572; x_wconf 89' lang='lat' dir='ltr'><strong>De</strong></span> <span class='ocrx_word' id='word_1_2' title='bbox 1300 501 1791 574; x_wconf 75' lang='lat' dir='ltr'><strong>Parallelismo.</strong></span> <span class='ocrx_word' id='word_1_3' title='bbox 2504 505 2548 571; x_wconf 88' lang='lat'>5</span> 
     </span>
    </p>
   </div>
   <div class='ocr_carea' id='block_1_2' title="bbox 387 677 2555 1010">
    <p class='ocr_par' dir='ltr' id='par_1_2' title="bbox 387 677 2555 1010">
     <span class='ocr_line' id='line_1_2' title="bbox 387 677 2553 791; baseline -0.001 -25"><span class='ocrx_word' id='word_1_4' title='bbox 387 700 556 767; x_wconf 85' lang='lat' dir='ltr'><strong>rius:</strong></span> <span class='ocrx_word' id='word_1_5' title='bbox 592 686 895 790; x_wconf 81' lang='grc' dir='ltr'><strong><em>Ὄρυξον</em></strong></span> <span class='ocrx_word' id='word_1_6' title='bbox 945 688 1051 788; x_wconf 81' lang='grc' dir='ltr'><strong>(ἐν</strong></span> <span class='ocrx_word' id='word_1_7' title='bbox 1094 694 1196 786; x_wconf 79' lang='grc' dir='ltr'><strong><em>τῷ</em></strong></span> <span class='ocrx_word' id='word_1_8' title='bbox 1240 689 1364 764; x_wconf 84' lang='grc' dir='ltr'><strong><em>τοί</em></strong></span> <span class='ocrx_word' id='word_1_9' title='bbox 1363 695 1530 791; x_wconf 79' lang='grc' dir='ltr'>χῳ)·</span> <span class='ocrx_word' id='word_1_10' title='bbox 1578 677 1702 764; x_wconf 73' lang='grc' dir='ltr'><strong>καὶ</strong></span> <span class='ocrx_word' id='word_1_11' title='bbox 1743 684 1977 789; x_wconf 76' lang='grc' dir='ltr'><strong><em>ὥρυξα</em></strong></span> <span class='ocrx_word' id='word_1_12' title='bbox 2018 686 2127 786; x_wconf 81' lang='grc' dir='ltr'><strong>(ἐν</strong></span> <span class='ocrx_word' id='word_1_13' title='bbox 2165 696 2268 787; x_wconf 75' lang='grc' dir='ltr'><strong><em>τῷ</em></strong></span> <span class='ocrx_word' id='word_1_14' title='bbox 2292 690 2553 791; x_wconf 78' lang='grc' dir='ltr'><strong><em>τοίχῳ)</em></strong></span> 
     </span>
     <span class='ocr_line' id='line_1_3' title="bbox 387 800 2551 904; baseline 0.001 -26"><span class='ocrx_word' id='word_1_15' title='bbox 387 865 402 878; x_wconf 95' lang='grc'><strong>.</strong></span> <span class='ocrx_word' id='word_1_16' title='bbox 439 849 468 880; x_wconf 89' lang='lat'><strong>·.</strong></span> <span class='ocrx_word' id='word_1_17' title='bbox 519 811 832 881; x_wconf 58' lang='lat' dir='ltr'><strong>EZosZSe</strong></span> <span class='ocrx_word' id='word_1_18' title='bbox 896 806 1021 879; x_wconf 85' lang='grc' dir='ltr'><strong>καὶ</strong></span> <span class='ocrx_word' id='word_1_19' title='bbox 1091 800 1215 892; x_wconf 54' lang='grc' dir='ltr'><strong>ἴδε]</strong></span> <span class='ocrx_word' id='word_1_20' title='bbox 1257 863 1271 878; x_wconf 94' lang='grc'><strong>.</strong></span> <span class='ocrx_word' id='word_1_21' title='bbox 1324 861 1339 878; x_wconf 93' lang='grc'><strong>.</strong></span> <span class='ocrx_word' id='word_1_22' title='bbox 1386 807 1533 879; x_wconf 72' lang='grc' dir='ltr'><strong>’καὶ</strong></span> <span class='ocrx_word' id='word_1_23' title='bbox 1602 810 1954 891; x_wconf 58' lang='grc' dir='ltr'><strong><em>εἰσῆλθον</em></strong></span> <span class='ocrx_word' id='word_1_24' title='bbox 2001 805 2127 878; x_wconf 85' lang='grc' dir='ltr'><strong>καὶ</strong></span> <span class='ocrx_word' id='word_1_25' title='bbox 2178 800 2336 881; x_wconf 75' lang='grc' dir='ltr'><strong><em>ἴδον</em></strong></span> <span class='ocrx_word' id='word_1_26' title='bbox 2386 810 2551 904; x_wconf 83' lang='grc' dir='ltr'><strong><em>κτλ.</em></strong></span> 
     </span>
     <span class='ocr_line' id='line_1_4' title="bbox 388 924 2555 1010; baseline -0 -13"><span class='ocrx_word' id='word_1_27' title='bbox 388 927 587 997; x_wconf 78' lang='lat' dir='ltr'><strong>Adde</strong></span> <span class='ocrx_word' id='word_1_28' title='bbox 655 931 823 995; x_wconf 86' lang='lat' dir='ltr'><strong>Dan.</strong></span> <span class='ocrx_word' id='word_1_29' title='bbox 887 927 971 1010; x_wconf 83' lang='lat'><strong>6,</strong></span> <span class='ocrx_word' id='word_1_30' title='bbox 1018 924 1144 999; x_wconf 75' lang='lat'><strong>24:</strong></span> <span class='ocrx_word' id='word_1_31' title='bbox 1214 928 1578 995; x_wconf 82' lang='lat' dir='ltr'><em>Danielem</em></span> <span class='ocrx_word' id='word_1_32' title='bbox 1646 933 1842 996; x_wconf 81' lang='lat' dir='ltr'><strong>iussit</strong></span> <span class='ocrx_word' id='word_1_33' title='bbox 1887 950 2152 994; x_wconf 85' lang='lat' dir='ltr'><strong>sursum</strong></span> <span class='ocrx_word' id='word_1_34' title='bbox 2212 926 2401 996; x_wconf 73' lang='lat' dir='ltr'><strong>trahi</strong></span> <span class='ocrx_word' id='word_1_35' title='bbox 2459 952 2555 995; x_wconf 78' lang='lat' dir='ltr'><strong>ex</strong></span> 
     </span>
    </p>
   </div>
   <div class='ocr_carea' id='block_1_3' title="bbox 373 1043 2253 1133">
    <p class='ocr_par' dir='ltr' id='par_1_3' title="bbox 373 1043 2253 1133">
     <span class='ocr_line' id='line_1_5' title="bbox 373 1043 2253 1133; baseline 0.002 -22"><span class='ocrx_word' id='word_1_36' title='bbox 373 1047 642 1133; x_wconf 75' lang='lat' dir='ltr'><strong>fovea,</strong></span> <span class='ocrx_word' id='word_1_37' title='bbox 693 1059 762 1111; x_wconf 88' lang='lat' dir='ltr'><strong>et</strong></span> <span class='ocrx_word' id='word_1_38' title='bbox 802 1068 1067 1110; x_wconf 81' lang='lat' dir='ltr'><strong>sursum</strong></span> <span class='ocrx_word' id='word_1_39' title='bbox 1114 1059 1378 1111; x_wconf 83' lang='lat' dir='ltr'><strong>tractus</strong></span> <span class='ocrx_word' id='word_1_40' title='bbox 1427 1059 1531 1111; x_wconf 82' lang='lat' dir='ltr'><strong>est</strong></span> <span class='ocrx_word' id='word_1_41' title='bbox 1579 1043 1841 1112; x_wconf 83' lang='lat' dir='ltr'><em>Daniel</em></span> <span class='ocrx_word' id='word_1_42' title='bbox 1885 1066 1976 1110; x_wconf 77' lang='lat' dir='ltr'><strong>ex</strong></span> <span class='ocrx_word' id='word_1_43' title='bbox 2001 1044 2253 1129; x_wconf 80' lang='lat' dir='ltr'><strong>fovea.</strong></span> 
     </span>
    </p>
   </div>
   <div class='ocr_carea' id='block_1_4' title="bbox 390 1171 2567 1843">
    <p class='ocr_par' dir='ltr' id='par_1_4' title="bbox 390 1171 2567 1843">
     <span class='ocr_line' id='line_1_6' title="bbox 586 1171 2555 1243; baseline 0 -1"><span class='ocrx_word' id='word_1_44' title='bbox 586 1177 804 1243; x_wconf 87' lang='lat' dir='ltr'><strong>Etiam</strong></span> <span class='ocrx_word' id='word_1_45' title='bbox 865 1202 904 1243; x_wconf 87' lang='lat' dir='ltr'><strong>a</strong></span> <span class='ocrx_word' id='word_1_46' title='bbox 949 1175 1030 1242; x_wconf 90' lang='lat' dir='ltr'><strong>N.</strong></span> <span class='ocrx_word' id='word_1_47' title='bbox 1079 1176 1162 1242; x_wconf 92' lang='grc' dir='ltr'><strong>Τ.</strong></span> <span class='ocrx_word' id='word_1_48' title='bbox 1234 1199 1311 1242; x_wconf 88' lang='lat' dir='ltr'><strong>ea</strong></span> <span class='ocrx_word' id='word_1_49' title='bbox 1369 1172 1779 1243; x_wconf 82' lang='lat' dir='ltr'><strong>consuetudo</strong></span> <span class='ocrx_word' id='word_1_50' title='bbox 1839 1175 2113 1240; x_wconf 89' lang='lat' dir='ltr'><strong>minime</strong></span> <span class='ocrx_word' id='word_1_51' title='bbox 2175 1171 2389 1239; x_wconf 81' lang='lat' dir='ltr'><strong>aliena</strong></span> <span class='ocrx_word' id='word_1_52' title='bbox 2436 1191 2555 1242; x_wconf 62' lang='grc' dir='ltr'><strong>ωε.</strong></span> 
     </span>
     <span class='ocr_line' id='line_1_7' title="bbox 390 1278 2563 1383; baseline -0.002 -25"><span class='ocrx_word' id='word_1_53' title='bbox 390 1287 623 1358; x_wconf 77' lang='lat' dir='ltr'><strong>Matth.</strong></span> <span class='ocrx_word' id='word_1_54' title='bbox 656 1293 767 1371; x_wconf 75' lang='lat'><strong>12,</strong></span> <span class='ocrx_word' id='word_1_55' title='bbox 813 1290 920 1359; x_wconf 87' lang='lat'><strong>13:</strong></span> <span class='ocrx_word' id='word_1_56' title='bbox 972 1291 1266 1383; x_wconf 80' lang='lat' dir='ltr'><strong>itemque</strong></span> <span class='ocrx_word' id='word_1_57' title='bbox 1305 1290 1518 1357; x_wconf 86' lang='lat' dir='ltr'><strong>Marc.</strong></span> <span class='ocrx_word' id='word_1_58' title='bbox 1558 1290 1627 1372; x_wconf 87' lang='lat'><strong>3,</strong></span> <span class='ocrx_word' id='word_1_59' title='bbox 1664 1290 1743 1357; x_wconf 85' lang='lat'><strong>5:</strong></span> <span class='ocrx_word' id='word_1_60' title='bbox 1775 1278 2144 1356; x_wconf 78' lang='grc' dir='ltr'><strong><em>’Ἔκτεινον</em></strong></span> <span class='ocrx_word' id='word_1_61' title='bbox 2175 1283 2309 1366; x_wconf 80' lang='grc' dir='ltr'><strong><em>τὴν</em></strong></span> <span class='ocrx_word' id='word_1_62' title='bbox 2338 1284 2563 1383; x_wconf 80' lang='grc' dir='ltr'><strong><em>χεῖρά</em></strong></span> 
     </span>
     <span class='ocr_line' id='line_1_8' title="bbox 396 1395 2563 1497; baseline -0 -27"><span class='ocrx_word' id='word_1_63' title='bbox 396 1423 567 1471; x_wconf 89' lang='grc' dir='ltr'><strong><em>σου·</em></strong></span> <span class='ocrx_word' id='word_1_64' title='bbox 620 1399 747 1470; x_wconf 88' lang='grc' dir='ltr'><strong>καὶ</strong></span> <span class='ocrx_word' id='word_1_65' title='bbox 789 1395 1087 1485; x_wconf 80' lang='grc' dir='ltr'><strong><em>ἐξέτεινε</em></strong></span> <span class='ocrx_word' id='word_1_66' title='bbox 1139 1423 1267 1475; x_wconf 88' lang='lat' dir='ltr'><strong>cet.</strong></span> <span class='ocrx_word' id='word_1_67' title='bbox 1366 1406 1498 1488; x_wconf 86' lang='lat' dir='ltr'><strong>Qui</strong></span> <span class='ocrx_word' id='word_1_68' title='bbox 1541 1403 1803 1497; x_wconf 85' lang='lat' dir='ltr'><strong>longius</strong></span> <span class='ocrx_word' id='word_1_69' title='bbox 1846 1401 2225 1497; x_wconf 79' lang='lat' dir='ltr'><strong>exemplum</strong></span> <span class='ocrx_word' id='word_1_70' title='bbox 2255 1404 2563 1496; x_wconf 81' lang='lat' dir='ltr'><strong>requirit,</strong></span> 
     </span>
     <span class='ocr_line' id='line_1_9' title="bbox 399 1513 2561 1613; baseline -0 -26"><span class='ocrx_word' id='word_1_71' title='bbox 399 1519 783 1587; x_wconf 85' lang='lat' dir='ltr'>consideret</span> <span class='ocrx_word' id='word_1_72' title='bbox 847 1513 1117 1598; x_wconf 57' lang='grc' dir='ltr'><strong><em>ὀθόνην</em></strong></span> <span class='ocrx_word' id='word_1_73' title='bbox 1187 1515 1502 1610; x_wconf 77' lang='grc' dir='ltr'><em>μεγάλην</em></span> <span class='ocrx_word' id='word_1_74' title='bbox 1557 1537 1625 1588; x_wconf 87' lang='lat' dir='ltr'><strong>et</strong></span> <span class='ocrx_word' id='word_1_75' title='bbox 1679 1544 1849 1613; x_wconf 85' lang='lat' dir='ltr'><strong>quae</strong></span> <span class='ocrx_word' id='word_1_76' title='bbox 1901 1543 1979 1585; x_wconf 87' lang='lat' dir='ltr'><strong>ea</strong></span> <span class='ocrx_word' id='word_1_77' title='bbox 2030 1518 2561 1600; x_wconf 80' lang='lat' dir='ltr'><strong>continebantur,</strong></span> 
     </span>
     <span class='ocr_line' id='line_1_10' title="bbox 393 1630 2567 1726; baseline -0.001 -23"><span class='ocrx_word' id='word_1_78' title='bbox 393 1635 683 1704; x_wconf 80' lang='lat' dir='ltr'><strong>oblatam</strong></span> <span class='ocrx_word' id='word_1_79' title='bbox 724 1636 922 1702; x_wconf 90' lang='lat' dir='ltr'><strong>Petro</strong></span> <span class='ocrx_word' id='word_1_80' title='bbox 966 1636 1114 1701; x_wconf 88' lang='lat' dir='ltr'><strong>Act.</strong></span> <span class='ocrx_word' id='word_1_81' title='bbox 1171 1630 1299 1724; x_wconf 81' lang='lat'><strong>101,</strong></span> <span class='ocrx_word' id='word_1_82' title='bbox 1357 1640 1467 1702; x_wconf 86' lang='lat'><strong>11.</strong></span> <span class='ocrx_word' id='word_1_83' title='bbox 1532 1639 1654 1715; x_wconf 91' lang='lat'><strong>11,</strong></span> <span class='ocrx_word' id='word_1_84' title='bbox 1705 1633 1793 1716; x_wconf 87' lang='lat'><strong>5,</strong></span> <span class='ocrx_word' id='word_1_85' title='bbox 1844 1633 1962 1700; x_wconf 87' lang='lat' dir='ltr'><strong>ubi</strong></span> <span class='ocrx_word' id='word_1_86' title='bbox 2011 1652 2233 1701; x_wconf 87' lang='lat' dir='ltr'><strong>tamen</strong></span> <span class='ocrx_word' id='word_1_87' title='bbox 2271 1630 2362 1699; x_wconf 81' lang='lat' dir='ltr'><strong>ad</strong></span> <span class='ocrx_word' id='word_1_88' title='bbox 2408 1656 2567 1726; x_wconf 85' lang='lat' dir='ltr'><strong>per·</strong></span> 
     </span>
     <span class='ocr_line' id='line_1_11' title="bbox 399 1746 2117 1843; baseline -0.001 -26"><span class='ocrx_word' id='word_1_89' title='bbox 399 1749 642 1817; x_wconf 80' lang='lat' dir='ltr'><strong>sectam</strong></span> <span class='ocrx_word' id='word_1_90' title='bbox 689 1748 1222 1843; x_wconf 83' lang='lat' dir='ltr'><strong>aequabilitatem</strong></span> <span class='ocrx_word' id='word_1_91' title='bbox 1261 1746 1583 1817; x_wconf 89' lang='lat' dir='ltr'><strong>nonnulla</strong></span> <span class='ocrx_word' id='word_1_92' title='bbox 1634 1746 2117 1818; x_wconf 78' lang='lat' dir='ltr'><strong>desiderantur.</strong></span> 
     </span>
    </p>
   </div>
   <div class='ocr_carea' id='block_1_5' title="bbox 401 1880 2586 2777">
    <p class='ocr_par' dir='ltr' id='par_1_5' title="bbox 401 1880 2586 2777">
     <span class='ocr_line' id='line_1_12' title="bbox 597 1880 2571 1973; baseline -0.001 -25"><span class='ocrx_word' id='word_1_93' title='bbox 597 1880 711 1948; x_wconf 88' lang='lat' dir='ltr'><strong>Sic</strong></span> <span class='ocrx_word' id='word_1_94' title='bbox 741 1898 1224 1949; x_wconf 88' lang='lat' dir='ltr'><strong>consueverunt</strong></span> <span class='ocrx_word' id='word_1_95' title='bbox 1255 1882 1612 1973; x_wconf 84' lang='lat' dir='ltr'><strong>scriptores</strong></span> <span class='ocrx_word' id='word_1_96' title='bbox 1650 1881 2147 1963; x_wconf 87' lang='lat' dir='ltr'><strong>Hebraeorum,</strong></span> <span class='ocrx_word' id='word_1_97' title='bbox 2194 1905 2324 1950; x_wconf 89' lang='lat' dir='ltr'><strong>nec</strong></span> <span class='ocrx_word' id='word_1_98' title='bbox 2346 1899 2571 1950; x_wconf 79' lang='lat' dir='ltr'><strong>tamen</strong></span> 
     </span>
     <span class='ocr_line' id='line_1_13' title="bbox 401 1993 2571 2089; baseline -0 -25"><span class='ocrx_word' id='word_1_99' title='bbox 401 1993 545 2064; x_wconf 88' lang='lat' dir='ltr'><strong>soli.</strong></span> <span class='ocrx_word' id='word_1_100' title='bbox 628 1997 847 2064; x_wconf 87' lang='lat' dir='ltr'><strong>Etiam</strong></span> <span class='ocrx_word' id='word_1_101' title='bbox 873 1994 1055 2089; x_wconf 84' lang='lat' dir='ltr'><strong>apud</strong></span> <span class='ocrx_word' id='word_1_102' title='bbox 1082 1994 1388 2063; x_wconf 83' lang='lat' dir='ltr'><strong>classicos</strong></span> <span class='ocrx_word' id='word_1_103' title='bbox 1429 2012 1731 2064; x_wconf 85' lang='lat' dir='ltr'><strong>auctores</strong></span> <span class='ocrx_word' id='word_1_104' title='bbox 1766 1993 2002 2062; x_wconf 84' lang='lat' dir='ltr'><strong>eadem</strong></span> <span class='ocrx_word' id='word_1_105' title='bbox 2044 1994 2161 2062; x_wconf 84' lang='lat' dir='ltr'><strong>illa</strong></span> <span class='ocrx_word' id='word_1_106' title='bbox 2188 2014 2300 2064; x_wconf 87' lang='lat' dir='ltr'><strong>aut</strong></span> <span class='ocrx_word' id='word_1_107' title='bbox 2339 2019 2571 2065; x_wconf 84' lang='lat' dir='ltr'><strong>eorum</strong></span> 
     </span>
     <span class='ocr_line' id='line_1_14' title="bbox 405 2109 2575 2193; baseline 0 -17"><span class='ocrx_word' id='word_1_108' title='bbox 405 2109 758 2193; x_wconf 68' lang='lat' dir='ltr'><strong>simillima,</strong></span> <span class='ocrx_word' id='word_1_109' title='bbox 806 2111 1063 2179; x_wconf 84' lang='lat' dir='ltr'><strong>tametsi</strong></span> <span class='ocrx_word' id='word_1_110' title='bbox 1104 2109 1312 2177; x_wconf 84' lang='lat' dir='ltr'><strong>multo</strong></span> <span class='ocrx_word' id='word_1_111' title='bbox 1346 2111 1580 2192; x_wconf 84' lang='lat' dir='ltr'><strong>rarius,</strong></span> <span class='ocrx_word' id='word_1_112' title='bbox 1615 2111 2063 2178; x_wconf 84' lang='lat' dir='ltr'><strong>inveniuntur.</strong></span> <span class='ocrx_word' id='word_1_113' title='bbox 2128 2111 2284 2179; x_wconf 88' lang='lat' dir='ltr'><strong>Non</strong></span> <span class='ocrx_word' id='word_1_114' title='bbox 2323 2129 2575 2179; x_wconf 82' lang='lat' dir='ltr'><strong>temere</strong></span> 
     </span>
     <span class='ocr_line' id='line_1_15' title="bbox 407 2223 2576 2318; baseline 0 -28"><span class='ocrx_word' id='word_1_115' title='bbox 407 2224 892 2317; x_wconf 82' lang='lat' dir='ltr'><strong>Houbigantius</strong></span> <span class='ocrx_word' id='word_1_116' title='bbox 935 2223 1021 2290; x_wconf 86' lang='lat' dir='ltr'><strong>ad</strong></span> <span class='ocrx_word' id='word_1_117' title='bbox 1078 2227 1371 2291; x_wconf 85' lang='lat' dir='ltr'><strong>carmina</strong></span> <span class='ocrx_word' id='word_1_118' title='bbox 1406 2225 1760 2292; x_wconf 88' lang='lat' dir='ltr'><strong>Homerica</strong></span> <span class='ocrx_word' id='word_1_119' title='bbox 1803 2227 2220 2318; x_wconf 87' lang='lat' dir='ltr'><strong>provocavit,</strong></span> <span class='ocrx_word' id='word_1_120' title='bbox 2269 2249 2398 2293; x_wconf 88' lang='lat' dir='ltr'><strong>nec</strong></span> <span class='ocrx_word' id='word_1_121' title='bbox 2448 2223 2576 2291; x_wconf 85' lang='lat' dir='ltr'><strong>du·-</strong></span> 
     </span>
     <span class='ocr_line' id='line_1_16' title="bbox 405 2331 2578 2433; baseline 0.001 -28"><span class='ocrx_word' id='word_1_122' title='bbox 405 2340 582 2420; x_wconf 89' lang='lat' dir='ltr'><strong>bito,</strong></span> <span class='ocrx_word' id='word_1_123' title='bbox 644 2339 808 2432; x_wconf 86' lang='lat' dir='ltr'><strong>quin</strong></span> <span class='ocrx_word' id='word_1_124' title='bbox 868 2339 1211 2407; x_wconf 85' lang='lat' dir='ltr'><strong>Homerus</strong></span> <span class='ocrx_word' id='word_1_125' title='bbox 1272 2331 1619 2433; x_wconf 71' lang='grc' dir='ltr'><strong><em>ἑβραΐζων</em></strong></span> <span class='ocrx_word' id='word_1_126' title='bbox 1673 2339 2073 2427; x_wconf 87' lang='lat' dir='ltr'><strong>(cuiusmodi</strong></span> <span class='ocrx_word' id='word_1_127' title='bbox 2138 2340 2407 2409; x_wconf 80' lang='lat' dir='ltr'><strong>libellus</strong></span> <span class='ocrx_word' id='word_1_128' title='bbox 2458 2363 2578 2407; x_wconf 89' lang='lat' dir='ltr'><strong>ne·</strong></span> 
     </span>
     <span class='ocr_line' id='line_1_17' title="bbox 414 2447 2586 2548; baseline 0.001 -27"><span class='ocrx_word' id='word_1_129' title='bbox 414 2454 552 2521; x_wconf 85' lang='lat' dir='ltr'><strong>scio</strong></span> <span class='ocrx_word' id='word_1_130' title='bbox 614 2455 799 2521; x_wconf 91' lang='lat' dir='ltr'><strong>cuius</strong></span> <span class='ocrx_word' id='word_1_131' title='bbox 851 2456 1138 2522; x_wconf 87' lang='lat' dir='ltr'><strong>auctoris</strong></span> <span class='ocrx_word' id='word_1_132' title='bbox 1184 2454 1350 2520; x_wconf 91' lang='lat' dir='ltr'><strong>mihi</strong></span> <span class='ocrx_word' id='word_1_133' title='bbox 1391 2452 1749 2548; x_wconf 84' lang='lat' dir='ltr'><strong>aliquando</strong></span> <span class='ocrx_word' id='word_1_134' title='bbox 1783 2456 1853 2532; x_wconf 87' lang='lat' dir='ltr'><strong>in</strong></span> <span class='ocrx_word' id='word_1_135' title='bbox 1881 2455 2185 2522; x_wconf 87' lang='lat' dir='ltr'><strong>manibus</strong></span> <span class='ocrx_word' id='word_1_136' title='bbox 2213 2447 2364 2546; x_wconf 81' lang='lat' dir='ltr'><strong>fuit)</strong></span> <span class='ocrx_word' id='word_1_137' title='bbox 2408 2451 2586 2523; x_wconf 58' lang='lat' dir='ltr'><strong>mul-a</strong></span> 
     </span>
     <span class='ocr_line' id='line_1_18' title="bbox 413 2567 2584 2663; baseline 0 -26"><span class='ocrx_word' id='word_1_138' title='bbox 413 2571 496 2637; x_wconf 88' lang='lat' dir='ltr'><strong>tis</strong></span> <span class='ocrx_word' id='word_1_139' title='bbox 545 2570 923 2640; x_wconf 85' lang='lat' dir='ltr'><strong>etiamnunc</strong></span> <span class='ocrx_word' id='word_1_140' title='bbox 970 2567 1240 2662; x_wconf 87' lang='lat' dir='ltr'><strong>placere</strong></span> <span class='ocrx_word' id='word_1_141' title='bbox 1282 2571 1526 2661; x_wconf 88' lang='lat' dir='ltr'><strong>possit,</strong></span> <span class='ocrx_word' id='word_1_142' title='bbox 1571 2571 1628 2636; x_wconf 90' lang='lat' dir='ltr'><strong>si</strong></span> <span class='ocrx_word' id='word_1_143' title='bbox 1671 2571 2073 2663; x_wconf 85' lang='lat' dir='ltr'><strong>comparatio</strong></span> <span class='ocrx_word' id='word_1_144' title='bbox 2125 2568 2366 2636; x_wconf 87' lang='lat' dir='ltr'><strong>Graeci</strong></span> <span class='ocrx_word' id='word_1_145' title='bbox 2414 2579 2584 2663; x_wconf 62' lang='lat' dir='ltr'><strong>poe-</strong></span> 
     </span>
     <span class='ocr_line' id='line_1_19' title="bbox 416 2681 2584 2777; baseline 0 -27"><span class='ocrx_word' id='word_1_146' title='bbox 416 2700 522 2750; x_wconf 87' lang='lat' dir='ltr'><strong>tae</strong></span> <span class='ocrx_word' id='word_1_147' title='bbox 570 2708 721 2752; x_wconf 89' lang='lat' dir='ltr'><strong>cum</strong></span> <span class='ocrx_word' id='word_1_148' title='bbox 775 2685 1214 2777; x_wconf 83' lang='lat' dir='ltr'><strong>scriptoribus</strong></span> <span class='ocrx_word' id='word_1_149' title='bbox 1253 2684 1598 2750; x_wconf 88' lang='lat' dir='ltr'><strong>Hebraicis</strong></span> <span class='ocrx_word' id='word_1_150' title='bbox 1645 2702 1832 2751; x_wconf 85' lang='lat' dir='ltr'><strong>caute</strong></span> <span class='ocrx_word' id='word_1_151' title='bbox 1872 2702 1939 2752; x_wconf 88' lang='lat' dir='ltr'><strong>et</strong></span> <span class='ocrx_word' id='word_1_152' title='bbox 1988 2681 2360 2777; x_wconf 85' lang='lat' dir='ltr'><strong>prudenter</strong></span> <span class='ocrx_word' id='word_1_153' title='bbox 2395 2685 2584 2752; x_wconf 89' lang='lat' dir='ltr'><strong>insti-</strong></span> 
     </span>
    </p>
   </div>
   <div class='ocr_carea' id='block_1_6' title="bbox 421 2796 2583 3007">
    <p class='ocr_par' dir='ltr' id='par_1_6' title="bbox 421 2796 2583 3007">
     <span class='ocr_line' id='line_1_20' title="bbox 421 2796 2583 2893; baseline 0.003 -28"><span class='ocrx_word' id='word_1_154' title='bbox 421 2815 658 2866; x_wconf 85' lang='lat' dir='ltr'><strong>tuatur.</strong></span> <span class='ocrx_word' id='word_1_155' title='bbox 758 2797 1050 2868; x_wconf 77' lang='lat' dir='ltr'><strong>Sufficiat</strong></span> <span class='ocrx_word' id='word_1_156' title='bbox 1079 2823 1248 2868; x_wconf 86' lang='lat' dir='ltr'><strong>unus</strong></span> <span class='ocrx_word' id='word_1_157' title='bbox 1292 2796 1479 2868; x_wconf 86' lang='lat' dir='ltr'><strong>locus</strong></span> <span class='ocrx_word' id='word_1_158' title='bbox 1520 2797 1705 2867; x_wconf 84' lang='lat' dir='ltr'><strong>Iliad.</strong></span> <span class='ocrx_word' id='word_1_159' title='bbox 1743 2798 1845 2886; x_wconf 91' lang='lat' dir='ltr'><strong>II,</strong></span> <span class='ocrx_word' id='word_1_160' title='bbox 1900 2804 1985 2869; x_wconf 88' lang='lat'><strong>11</strong></span> <span class='ocrx_word' id='word_1_161' title='bbox 2048 2823 2222 2893; x_wconf 64' lang='lat' dir='ltr'><strong>sqq„</strong></span> <span class='ocrx_word' id='word_1_162' title='bbox 2273 2800 2369 2869; x_wconf 79' lang='lat'><strong>28</strong></span> <span class='ocrx_word' id='word_1_163' title='bbox 2412 2823 2583 2892; x_wconf 63' lang='lat' dir='ltr'><strong>sqq„</strong></span> 
     </span>
     <span class='ocr_line' id='line_1_21' title="bbox 423 2910 2046 3007; baseline 0.005 -25"><span class='ocrx_word' id='word_1_164' title='bbox 423 2910 518 2985; x_wconf 84' lang='lat'><strong>65</strong></span> <span class='ocrx_word' id='word_1_165' title='bbox 565 2937 752 3007; x_wconf 74' lang='lat' dir='ltr'><strong>sqq-2</strong></span> <span class='ocrx_word' id='word_1_166' title='bbox 2041 2917 2046 2920; x_wconf 62' lang='grc'>’</span> 
     </span>
    </p>
   </div>
   <div class='ocr_carea' id='block_1_7' title="bbox 610 3107 2593 3798">
    <p class='ocr_par' dir='ltr' id='par_1_7' title="bbox 610 3107 2593 3798">
     <span class='ocr_line' id='line_1_22' title="bbox 623 3107 2355 3222; baseline -0.001 -28"><span class='ocrx_word' id='word_1_167' title='bbox 623 3116 946 3219; x_wconf 79' lang='grc' dir='ltr'><strong><em>Θωρῆξαι</em></strong></span> <span class='ocrx_word' id='word_1_168' title='bbox 994 3124 1029 3194; x_wconf 82' lang='grc' dir='ltr'><em>ἑ</em></span> <span class='ocrx_word' id='word_1_169' title='bbox 1060 3107 1316 3194; x_wconf 44' lang='grc' dir='ltr'><strong><em>’κέλευε</em></strong></span> <span class='ocrx_word' id='word_1_170' title='bbox 1363 3122 1959 3222; x_wconf 74' lang='grc' dir='ltr'><strong><em>καρηκομόωντας</em></strong></span> <span class='ocrx_word' id='word_1_171' title='bbox 2007 3121 2355 3220; x_wconf 84' lang='grc' dir='ltr'><strong><em>Ἀχαιοὺς</em></strong></span> 
     </span>
     <span class='ocr_line' id='line_1_23' title="bbox 610 3224 2504 3339; baseline -0.001 -29"><span class='ocrx_word' id='word_1_172' title='bbox 610 3224 1024 3338; x_wconf 51' lang='grc' dir='ltr'><strong><em>“πανσυδίη·</em></strong></span> <span class='ocrx_word' id='word_1_173' title='bbox 1071 3244 1203 3311; x_wconf 73' lang='grc' dir='ltr'><strong>νῦν</strong></span> <span class='ocrx_word' id='word_1_174' title='bbox 1250 3238 1388 3337; x_wconf 78' lang='grc' dir='ltr'><strong>γάρ</strong></span> <span class='ocrx_word' id='word_1_175' title='bbox 1434 3264 1554 3312; x_wconf 83' lang='grc' dir='ltr'><strong>κεν</strong></span> <span class='ocrx_word' id='word_1_176' title='bbox 1602 3234 1755 3311; x_wconf 74' lang='grc' dir='ltr'><strong><em>ἕλοι</em></strong></span> <span class='ocrx_word' id='word_1_177' title='bbox 1805 3237 2023 3314; x_wconf 84' lang='grc' dir='ltr'><strong><em>πόλιν</em></strong></span> <span class='ocrx_word' id='word_1_178' title='bbox 2071 3234 2504 3339; x_wconf 80' lang='grc' dir='ltr'><strong><em>εὐρυάγυιαν</em></strong></span> 
     </span>
     <span class='ocr_line' id='line_1_24' title="bbox 621 3345 2593 3477; baseline -0.001 -52"><span class='ocrx_word' id='word_1_179' title='bbox 621 3351 910 3449; x_wconf 81' lang='grc' dir='ltr'><strong><em>Τρώων·</em></strong></span> <span class='ocrx_word' id='word_1_180' title='bbox 983 3355 1073 3426; x_wconf 84' lang='grc' dir='ltr'><strong>οὐ</strong></span> <span class='ocrx_word' id='word_1_181' title='bbox 1149 3354 1287 3454; x_wconf 77' lang='grc' dir='ltr'><strong>γὰρ</strong></span> <span class='ocrx_word' id='word_1_182' title='bbox 1363 3345 1470 3427; x_wconf 74' lang='grc' dir='ltr'><strong><em>ἔτ’</em></strong></span> <span class='ocrx_word' id='word_1_183' title='bbox 1543 3351 1781 3453; x_wconf 78' lang='grc' dir='ltr'><em>ἀμφὶς</em></span> <span class='ocrx_word' id='word_1_184' title='bbox 1860 3352 2237 3477; x_wconf 53' lang='grc' dir='ltr'><strong><em>Ὀλπέμπια</em></strong></span> <span class='ocrx_word' id='word_1_185' title='bbox 2315 3345 2593 3444; x_wconf 77' lang='grc' dir='ltr'><strong><em>δώματ’</em></strong></span> 
     </span>
     <span class='ocr_line' id='line_1_25' title="bbox 2005 3490 2582 3564; baseline 0.002 -26"><span class='ocrx_word' id='word_1_186' title='bbox 2005 3490 2300 3564; x_wconf 82' lang='grc' dir='ltr'><strong><em>εχοντες</em></strong></span> <span class='ocrx_word' id='word_1_187' title='bbox 2573 3505 2582 3512; x_wconf 85' lang='grc'><em>·</em></span> 
     </span>
     <span class='ocr_line' id='line_1_26' title="bbox 625 3575 2564 3685; baseline -0.001 -31"><span class='ocrx_word' id='word_1_188' title='bbox 625 3580 999 3655; x_wconf 58' lang='grc' dir='ltr'><strong><em>ἀθάνατοι</em></strong></span> <span class='ocrx_word' id='word_1_189' title='bbox 1045 3581 1493 3685; x_wconf 72' lang='grc' dir='ltr'><strong><em>φράζονται·</em></strong></span> <span class='ocrx_word' id='word_1_190' title='bbox 1536 3582 1988 3679; x_wconf 79' lang='grc' dir='ltr'><strong><em>ἐπέγναμψεν</em></strong></span> <span class='ocrx_word' id='word_1_191' title='bbox 2035 3581 2174 3680; x_wconf 69' lang='grc' dir='ltr'><strong>γὰρ</strong></span> <span class='ocrx_word' id='word_1_192' title='bbox 2224 3575 2564 3664; x_wconf 76' lang='grc' dir='ltr'><strong><em>ἅπαντας</em></strong></span> 
     </span>
     <span class='ocr_line' id='line_1_27' title="bbox 616 3692 2481 3798; baseline 0.001 -31"><span class='ocrx_word' id='word_1_193' title='bbox 616 3692 801 3797; x_wconf 76' lang='grc' dir='ltr'><strong><em>’Ήρη</em></strong></span> <span class='ocrx_word' id='word_1_194' title='bbox 849 3699 1290 3793; x_wconf 83' lang='grc' dir='ltr'><strong><em>λισσομένη·</em></strong></span> <span class='ocrx_word' id='word_1_195' title='bbox 1369 3698 1705 3798; x_wconf 77' lang='grc' dir='ltr'><strong><em>Τρώεσσι</em></strong></span> <span class='ocrx_word' id='word_1_196' title='bbox 1753 3695 1838 3772; x_wconf 81' lang='grc' dir='ltr'><strong>δὲ</strong></span> <span class='ocrx_word' id='word_1_197' title='bbox 1887 3692 2081 3783; x_wconf 84' lang='grc' dir='ltr'><strong><em>κήδε’</em></strong></span> <span class='ocrx_word' id='word_1_198' title='bbox 2128 3700 2481 3797; x_wconf 78' lang='grc' dir='ltr'><strong><em>ἐφῆπται.</em></strong></span> 
     </span>
    </p>
   </div>
   <div class='ocr_carea' id='block_1_8' title="bbox 437 3911 2638 4011">
    <p class='ocr_par' dir='ltr' id='par_1_8' title="bbox 437 3911 2638 4011">
     <span class='ocr_line' id='line_1_28' title="bbox 437 3911 2638 4011; baseline -0.003 -20"><span class='ocrx_word' id='word_1_199' title='bbox 437 3922 621 3998; x_wconf 83' lang='lat' dir='ltr'><strong>Haec</strong></span> <span class='ocrx_word' id='word_1_200' title='bbox 701 3911 990 4011; x_wconf 76' lang='grc' dir='ltr'><strong><em>Ὀνείρῳ</em></strong></span> <span class='ocrx_word' id='word_1_201' title='bbox 1064 3914 1333 4009; x_wconf 73' lang='lat' dir='ltr'><strong>mandat</strong></span> <span class='ocrx_word' id='word_1_202' title='bbox 1414 3917 1751 4010; x_wconf 86' lang='lat' dir='ltr'><strong>Iupiter,.</strong></span> <span class='ocrx_word' id='word_1_203' title='bbox 1798 3913 2279 4011; x_wconf 84' lang='lat' dir='ltr'><strong>Agamemnoni</strong></span> <span class='ocrx_word' id='word_1_204' title='bbox 2349 3914 2638 4002; x_wconf 75' lang='lat' dir='ltr'><strong>nuntiat·</strong></span> 
     </span>
    </p>
   </div>
   <div class='ocr_carea' id='block_1_9' title="bbox 426 4026 2605 4127">
    <p class='ocr_par' dir='ltr' id='par_1_9' title="bbox 426 4026 2605 4127">
     <span class='ocr_line' id='line_1_29' title="bbox 426 4026 2605 4127; baseline -0.004 -22"><span class='ocrx_word' id='word_1_205' title='bbox 426 4028 753 4127; x_wconf 77' lang='grc' dir='ltr'><strong><em>’Όνειρος</em></strong></span> <span class='ocrx_word' id='word_1_206' title='bbox 775 4084 795 4116; x_wconf 89' lang='grc'>,</span> <span class='ocrx_word' id='word_1_207' title='bbox 872 4035 1178 4103; x_wconf 89' lang='lat' dir='ltr'><strong>concioni</strong></span> <span class='ocrx_word' id='word_1_208' title='bbox 1251 4034 1526 4127; x_wconf 84' lang='lat' dir='ltr'><strong>exponit</strong></span> <span class='ocrx_word' id='word_1_209' title='bbox 1591 4033 2067 4125; x_wconf 81' lang='lat' dir='ltr'><strong>Agamemnon.</strong></span> <span class='ocrx_word' id='word_1_210' title='bbox 2230 4026 2334 4097; x_wconf 84' lang='lat' dir='ltr'><strong>Cf.</strong></span> <span class='ocrx_word' id='word_1_211' title='bbox 2396 4026 2479 4098; x_wconf 91' lang='lat' dir='ltr'><strong>Il.</strong></span> <span class='ocrx_word' id='word_1_212' title='bbox 2539 4028 2605 4108; x_wconf 85' lang='lat'><strong>1,</strong></span> 
     </span>
    </p>
   </div>
   <div class='ocr_carea' id='block_1_10' title="bbox 403 4141 2613 4361">
    <p class='ocr_par' dir='ltr' id='par_1_10' title="bbox 403 4141 2613 4361">
     <span class='ocr_line' id='line_1_30' title="bbox 442 4141 2608 4243; baseline -0.004 -22"><span class='ocrx_word' id='word_1_213' title='bbox 442 4150 558 4221; x_wconf 88' lang='grc'><strong>65.</strong></span> <span class='ocrx_word' id='word_1_214' title='bbox 610 4151 726 4222; x_wconf 85' lang='lat'><strong>93.</strong></span> <span class='ocrx_word' id='word_1_215' title='bbox 740 4201 762 4233; x_wconf 91' lang='lat'>‚</span> <span class='ocrx_word' id='word_1_216' title='bbox 832 4150 955 4231; x_wconf 86' lang='lat' dir='ltr'><strong>IV,</strong></span> <span class='ocrx_word' id='word_1_217' title='bbox 1014 4149 1151 4220; x_wconf 89' lang='lat'><strong>195</strong></span> <span class='ocrx_word' id='word_1_218' title='bbox 1197 4175 1347 4243; x_wconf 87' lang='lat' dir='ltr'><strong>sqq.</strong></span> <span class='ocrx_word' id='word_1_219' title='bbox 1363 4199 1383 4231; x_wconf 90' lang='lat'><strong>,</strong></span> <span class='ocrx_word' id='word_1_220' title='bbox 1437 4150 1579 4218; x_wconf 75' lang='lat'><strong>205</strong></span> <span class='ocrx_word' id='word_1_221' title='bbox 1632 4172 1782 4240; x_wconf 84' lang='lat' dir='ltr'><strong>sqq.</strong></span> <span class='ocrx_word' id='word_1_222' title='bbox 1838 4164 1959 4214; x_wconf 89' lang='lat' dir='ltr'><strong>cet.</strong></span> <span class='ocrx_word' id='word_1_223' title='bbox 2007 4161 2129 4213; x_wconf 77' lang='lat' dir='ltr'><strong>cet.</strong></span> <span class='ocrx_word' id='word_1_224' title='bbox 2230 4141 2437 4237; x_wconf 87' lang='lat' dir='ltr'><strong>Apud</strong></span> <span class='ocrx_word' id='word_1_225' title='bbox 2469 4144 2608 4212; x_wconf 83' lang='lat' dir='ltr'><strong>Xe-</strong></span> 
     </span>
     <span class='ocr_line' id='line_1_31' title="bbox 403 4247 2613 4361; baseline -0.003 -28"><span class='ocrx_word' id='word_1_226' title='bbox 403 4261 858 4361; x_wconf 76' lang='lat' dir='ltr'><strong>&#39;nophontem</strong></span> <span class='ocrx_word' id='word_1_227' title='bbox 915 4267 987 4332; x_wconf 89' lang='lat' dir='ltr'><strong>in</strong></span> <span class='ocrx_word' id='word_1_228' title='bbox 1051 4262 1307 4357; x_wconf 84' lang='lat' dir='ltr'><strong>Exped.</strong></span> <span class='ocrx_word' id='word_1_229' title='bbox 1371 4263 1533 4357; x_wconf 82' lang='lat' dir='ltr'><strong>Cyri</strong></span> <span class='ocrx_word' id='word_1_230' title='bbox 1601 4261 1847 4331; x_wconf 83' lang='lat' dir='ltr'><strong>alicubi</strong></span> <span class='ocrx_word' id='word_1_231' title='bbox 1889 4261 2155 4356; x_wconf 86' lang='lat' dir='ltr'><strong>legitur:</strong></span> <span class='ocrx_word' id='word_1_232' title='bbox 2226 4249 2370 4352; x_wconf 74' lang='grc' dir='ltr'><strong><em>ὅτῳ</em></strong></span> <span class='ocrx_word' id='word_1_233' title='bbox 2415 4247 2613 4333; x_wconf 60' lang='grc' dir='ltr'><strong><em>δοκεῖ</em></strong></span> 
     </span>
    </p>
   </div>
  </div>
 </body>
</html>
