3550 5167
971 563 1019 632 4
1727 557 2248 652 Prolegomena.

977 778 1114 840 est,
1170 753 1388 825 denuo
1435 749 1747 825 retractet
1799 783 2158 852 severeque
2195 757 2600 826 Himoricum
2650 785 2845 852 agens
2898 755 3138 852 explo-

978 893 1113 942 ret:
1166 897 1369 940 novos
1421 875 1614 939 etiam
1661 875 1900 940 Libros
1953 873 2145 940 MSS.
2192 873 2514 955 Graecos,
2566 873 2864 957 Latinos,
2911 875 3137 970 Syria-

951 1013 1120 1070 -oos,
1189 988 1547 1068 ArabieoS,
1610 983 2041 1080 Aethiopicos
2070 1036 2091 1067 ,
2165 987 2532 1068 Armenes,
2607 1004 2934 1081 quotquot
2983 990 3135 1056 'ali-

973 1103 1128 1170 cubi
1197 1101 1469 1169 latentes
1537 1101 1755 1168 adhuc
1823 1103 2107 1195 reperiri
2186 1119 2253 1168 et
2311 1100 2600 1168 conferri
2676 1104 2972 1195 possint,
3048 1104 3135 1171 ad

972 1216 1346 1312 augendum
1393 1235 1780 1309 apparatum
1825 1216 2172 1282 adhibeat:
2230 1237 2337 1282 res
2379 1235 2477 1282 est
2525 1215 2906 1311 dignissima
2956 1243 3133 1284 sum-

970 1351 1231 1399 morum
1279 1333 1569 1398 virorum
1619 1330 1867 1396 studiis.
1969 1330 2058 1397 At
2118 1355 2226 1396 me
2293 1329 2512 1396 iudice
2536 1371 2581 1412 ,-
2629 1333 2935 1398 materies
3004 1334 3136 1399 cri·-

973 1449 1103 1514 tica
1163 1464 1318 1538 post
1383 1445 1706 1539 evulgatas
1775 1449 1999 1539 copias
2052 1443 2502 1513 Holmesianas
2565 1445 2696 1511 iam
2755 1464 2931 1512 tanta
2998 1466 3134 1530 est,

974 1578 1047 1628 ut
1115 1562 1447 1653 copiosior
1513 1563 1727 1654 optari
1800 1585 1937 1628 non
2010 1559 2249 1628 dcb‘eat
2282 1611 2301 1640 ,
2380 1558 2618 1627 melior
2697 1563 2949 1653 sperari
3022 1562 3166 1630 vix!

973 1676 1202 1768 ¹possit.

1169 1788 1352 1856 Nihil
1402 1792 1600 1883 igitur
1647 1790 2092 1883 intempestivi
2140 1792 2194 1857 is
2244 1788 2439 1857 faciat
2487 1792 2764 1883 opinor,
2819 1792 2935 1883 qui
2976 1811 3129 1885 post

976 1922 1074 1972 tot
1119 1903 1399 1973 aliorum
1439 1903 1700 1972 labores
1748 1908 1920 1972 serio
1962 1908 2250 1972 animum
2283 1903 2546 1973 adiiciat
2586 1904 2673 1972 ad
2713 1907 2873 1972 tanti
2917 1932 3123 1999 appa-

973 2037 1150 2086 ratus
1200 2045 1428 2103 usum3
1477 2019 1673 2086 simul
1722 2043 1877 2087 vero
1928 2019 2175 2087 relictis
2226 2022 2295 2085 in
2345 2019 2602 2103 medio,
2672 2043 2839 2114 quae
2890 2045 2968 2087 ex
3016 2019 3124 2089 hi-

975 2135 1218 2201 storico
1254 2158 1494 2228 genere
1530 2152 1680 2200 sunt
1731 2135 2043 2218 obscura,
2100 2134 2336 2216 dubia,
2384 2136 2668 2217 incerta,
2718 2135 2815 2201 ad
2851 2139 3131 2204 interna

979 2272 1049 2314 se
1102 2267 1438 2316 convertat
1488 2267 1554 2316 et
1599 2247 1896 2316 indolem
1954 2249 2365 2342 singulorum
2411 2250 2738 2318 librorum
2786 2253 3128 2320 Versionis

976 2360 1161 2427 Alex.
1213 2362 1541 2429 subtiliter
1588 2388 1789 2429 aecu1
1790 2382 2026 2457 ateque
2064 2364 2404 2459 exploret,
2452 2389 2579 2459 per
2613 2368 2831 2433 omnia
2873 2392 2949 2434 ac
2992 2370 3130 2434 sin-

979 2474 1130 2567 gula
1181 2459 1625 2568 exquirendo,
1679 2450 1846 2571 quid
1895 2481 2134 2572 cuique
2177 2478 2550 2548 translatori
2576 2531 2596 2563 ,
2661 2483 2798 2548 eius
2853 2507 3131 2549 consue-

979 2587 1196 2654 tudini
1252 2608 1318 2656 et
1379 2593 1557 2673 usui,
1599 2592 1948 2686 peculiari
2007 2592 2283 2662 dictioni
2349 2614 2413 2663 et
2479 2593 2689 2663 colori
2756 2598 3130 2679 conveniat,

979 2702 1147 2796 quid
1209 2703 1548 2798 discrepet
1609 2726 1674 2774 et
1730 2708 2099 2776 abhorreat.
2162 2703 2167 2718 '
2216 2712 2547 2793 Quantum
2599 2710 2985 2803 proficiatur
3046 2710 3133 2778 ad

977 2820 1260 2886 nativam
1316 2822 1710 2913 scripturam
1767 2822 2093 2889 librorum
2154 2826 2573 2917 antiquorum
2637 2825 2921 2893 feliciter
2980 2850 3132 2894 eru-

981 2935 1222 3001 endam
1254 2934 1677 3029 argumentis
1714 2942 2009 3005 internis
2059 2964 2227 3032 quae
2279 2938 2623 3023 dicuntur,
2676 2939 2750 3006 id
2798 2943 3133 3008 neminem
3184 2979 3189 2984 -

976 3055 1131 3118 artis
1187 3055 1454 3121 criticae
1504 3055 1797 3148 peritum
1843 3079 2138 3147 unquam
2197 3052 2400 3120 latere
2449 3057 2693 3146 potuit:
2760 3053 2883 3121 sed
2932 3078 3132 3147 quam

976 3165 1173 3260 longe
1224 3167 1486 3261 lateque
1539 3195 1615 3235 ea
1661 3195 1768 3235 res
1818 3187 2039 3261 pateat
2066 3219 2085 3249 ,
2168 3189 2233 3236 et
2284 3167 2619 3262 quomodo
2670 3168 2958 3235 ineunda
3005 3171 3132 3239 hac

978 3282 1079 3348 via
1120 3285 1457 3375 penetrari
1513 3285 1722 3375 possit
1768 3285 1840 3347 in
1888 3281 2151 3368 ultimos
2218 3286 2616 3375 scriptorum
2680 3301 2974 3367 veterum
3020 3309 3130 3351 re-

979 3422 1237 3479 cessuS,
1301 3420 1496 3464 nemo
1542 3393 1943 3482 manifestius
1995 3414 2061 3464 et
2121 3396 2481 3464 evidentius
2534 3396 2857 3478 ostendit,
2921 3426 3132 3492 quan-

980 3531 1121 3579 tum
1172 3537 1293 3606 ego
1348 3510 1620 3604 quidem
1661 3513 1848 3592 novi,
1923 3489 2100 3579 certe
2150 3493 2344 3580 nemo
2396 3509 2695 3578 subtilius
2762 3530 2827 3579 et
2873 3509 3130 3582 felicius

984 3627 1070 3696 ad
1123 3625 1571 3694 emendandos
1618 3628 1857 3693 Libros
1908 3626 2024 3694 SS.
2071 3626 2407 3707 adhibuit,
2475 3651 2673 3720 quam
2722 3627 2853 3694 hoc
2899 3647 3126 3697 nostro

983 3767 1139 3811 aevo
1188 3743 1681 3834 Christoph.
1750 3741 2241 3809 Gotthelf
2301 3741 2363 3806 G
2400 3723 2862 3825 ersdorf,
2935 3745 3129 3810 Dav.

983 3854 1294 3922 Schulz
1346 3876 1411 3924 et
1455 3856 1652 3950 pauci
1702 3854 1843 3938 alii,
1887 3858 1960 3922 in
2007 3855 2412 3925 restituendo
2462 3875 2641 3922 textu
2686 3856 2859 3924 Novi
2899 3856 3132 3923 Testa·-

983 3973 1207 4038 menti.
1356 3971 1756 4039 Immensum
1832 3989 2149 4064 quantum
2213 3970 2620 4038 lucrabimur
2644 4023 2664 4053 ,
2735 3974 3131 4041 Versionem

986 4110 1254 4177 quoque
1305 4086 1823 4153 Alexandrinam
1872 4087 1960 4151 ita
2011 4085 2388 4168 tractando,
2437 4103 2511 4152 ut
2560 4086 2884 4154 Codicum
2931 4085 3127 4153 MSS.

982 4199 1524 4293 reliquorumque
1601 4203 1864 4283 testium
1936 4217 2338 4267 vetustorum
2416 4199 2660 4269 indicia
2734 4226 2808 4267 ac
2882 4203 3130 4269 monita

982 4316 1309 4407 exigamus
1374 4316 1461 4381 ad
1527 4295 1822 4383 indolem
1900 4315 2411 4409 uniuscuiusque
2481 4317 2859 4409 interpretis
2926 4314 3125 4410 longo
