<?xml version="1.0" encoding="UTF-8"?>
<!DOCTYPE html PUBLIC "-//W3C//DTD XHTML 1.0 Transitional//EN"
    "http://www.w3.org/TR/xhtml1/DTD/xhtml1-transitional.dtd">
<html xmlns="http://www.w3.org/1999/xhtml" xml:lang="en" lang="en">
 <head>
  <title>
</title>
<meta http-equiv="Content-Type" content="text/html;charset=utf-8" />
  <meta name='ocr-system' content='tesseract 3.04.00' />
  <meta name='ocr-capabilities' content='ocr_page ocr_carea ocr_par ocr_line ocrx_word'/>
</head>
<body>
  <div class='ocr_page' id='page_1' title='image "./lectionesalexan00plgoog_0171.png"; bbox 0 0 3550 5167; ppageno 0'>
   <div class='ocr_carea' id='block_1_1' title="bbox 1483 533 2719 636">
    <p class='ocr_par' dir='ltr' id='par_1_1' title="bbox 1483 533 2719 636">
     <span class='ocr_line' id='line_1_1' title="bbox 1483 533 2719 636; baseline -0.001 -30"><span class='ocrx_word' id='word_1_1' title='bbox 1483 533 1650 627; x_wconf 85' lang='lat' dir='ltr'><strong><em>Cap.</em></strong></span> <span class='ocrx_word' id='word_1_2' title='bbox 1702 535 1799 605; x_wconf 89' lang='lat' dir='ltr'><strong>II</strong></span> <span class='ocrx_word' id='word_1_3' title='bbox 1795 585 1810 600; x_wconf 92' lang='lat'><em>.</em></span> <span class='ocrx_word' id='word_1_4' title='bbox 1997 631 2001 636; x_wconf 73' lang='lat'><em>,</em></span> <span class='ocrx_word' id='word_1_5' title='bbox 2610 538 2719 605; x_wconf 85' lang='grc'><strong>-73</strong></span> 
     </span>
    </p>
   </div>
   <div class='ocr_carea' id='block_1_2' title="bbox 521 723 2802 828">
    <p class='ocr_par' dir='ltr' id='par_1_2' title="bbox 521 723 2802 828">
     <span class='ocr_line' id='line_1_2' title="bbox 521 723 2802 828; baseline -0.006 -20"><span class='ocrx_word' id='word_1_6' title='bbox 521 799 542 810; x_wconf 80' lang='grc'><strong><em>,</em></strong></span> <span class='ocrx_word' id='word_1_7' title='bbox 579 740 872 818; x_wconf 85' lang='lat' dir='ltr'><strong>Graeco,</strong></span> <span class='ocrx_word' id='word_1_8' title='bbox 925 735 1039 828; x_wconf 87' lang='lat' dir='ltr'><strong>qui</strong></span> <span class='ocrx_word' id='word_1_9' title='bbox 1090 733 1503 827; x_wconf 74' lang='lat' dir='ltr'><strong>quantumvis</strong></span> <span class='ocrx_word' id='word_1_10' title='bbox 1546 730 1919 827; x_wconf 80' lang='lat' dir='ltr'><strong>hexaplaris</strong></span> <span class='ocrx_word' id='word_1_11' title='bbox 1938 782 1958 815; x_wconf 87' lang='lat'>,</span> <span class='ocrx_word' id='word_1_12' title='bbox 1994 749 2222 800; x_wconf 79' lang='lat' dir='ltr'><strong>&#39;tamen</strong></span> <span class='ocrx_word' id='word_1_13' title='bbox 2272 723 2553 804; x_wconf 71' lang='lat' dir='ltr'><strong>multum</strong></span> <span class='ocrx_word' id='word_1_14' title='bbox 2601 760 2720 801; x_wconf 84' lang='lat' dir='ltr'><strong>an-</strong></span> <span class='ocrx_word' id='word_1_15' title='bbox 2796 789 2802 794; x_wconf 92' lang='lat'><em>.</em></span> 
     </span>
    </p>
   </div>
   <div class='ocr_carea' id='block_1_3' title="bbox 571 849 2722 1289">
    <p class='ocr_par' dir='ltr' id='par_1_3' title="bbox 571 849 2722 1289">
     <span class='ocr_line' id='line_1_3' title="bbox 573 849 2715 946; baseline -0.001 -27"><span class='ocrx_word' id='word_1_16' title='bbox 573 855 826 946; x_wconf 84' lang='lat' dir='ltr'><strong>tiquae,</strong></span> <span class='ocrx_word' id='word_1_17' title='bbox 890 851 1146 931; x_wconf 88' lang='lat' dir='ltr'><strong>bonae,</strong></span> <span class='ocrx_word' id='word_1_18' title='bbox 1215 849 1535 941; x_wconf 84' lang='lat' dir='ltr'><strong>genuinae</strong></span> <span class='ocrx_word' id='word_1_19' title='bbox 1599 866 1904 916; x_wconf 85' lang='lat' dir='ltr'><strong>monetae</strong></span> <span class='ocrx_word' id='word_1_20' title='bbox 1947 851 2335 932; x_wconf 76' lang='lat' dir='ltr'><strong>servaverit,</strong></span> <span class='ocrx_word' id='word_1_21' title='bbox 2397 850 2715 918; x_wconf 85' lang='lat' dir='ltr'><strong>Vaticano</strong></span> 
     </span>
     <span class='ocr_line' id='line_1_4' title="bbox 573 938 2722 1060; baseline 0 -26"><span class='ocrx_word' id='word_1_22' title='bbox 573 969 800 1060; x_wconf 87' lang='lat' dir='ltr'><strong>utique</strong></span> <span class='ocrx_word' id='word_1_23' title='bbox 848 949 1388 1057; x_wconf 69' lang='lat' dir='ltr'><strong>postponenduS,</strong></span> <span class='ocrx_word' id='word_1_24' title='bbox 1455 962 1576 1031; x_wconf 88' lang='lat' dir='ltr'><strong>sed</strong></span> <span class='ocrx_word' id='word_1_25' title='bbox 1629 938 2108 1058; x_wconf 58' lang='lat' dir='ltr'><strong>praeferetidus</strong></span> <span class='ocrx_word' id='word_1_26' title='bbox 2151 962 2602 1034; x_wconf 85' lang='lat' dir='ltr'><strong>Alexandrino</strong></span> <span class='ocrx_word' id='word_1_27' title='bbox 2655 983 2722 1034; x_wconf 84' lang='lat' dir='ltr'><strong>et</strong></span> 
     </span>
     <span class='ocr_line' id='line_1_5' title="bbox 573 1077 2719 1172; baseline -0 -25"><span class='ocrx_word' id='word_1_28' title='bbox 573 1085 652 1149; x_wconf 87' lang='lat' dir='ltr'><strong>iis</strong></span> <span class='ocrx_word' id='word_1_29' title='bbox 701 1081 840 1147; x_wconf 85' lang='lat' dir='ltr'><strong>sere</strong></span> <span class='ocrx_word' id='word_1_30' title='bbox 885 1077 1415 1172; x_wconf 81' lang='lat' dir='ltr'><strong>aequiparandus</strong></span> <span class='ocrx_word' id='word_1_31' title='bbox 1459 1077 1826 1148; x_wconf 85' lang='lat' dir='ltr'><strong>Codicihus</strong></span> <span class='ocrx_word' id='word_1_32' title='bbox 1843 1125 1864 1161; x_wconf 85' lang='lat'>‚</span> <span class='ocrx_word' id='word_1_33' title='bbox 1915 1077 2095 1147; x_wconf 81' lang='lat' dir='ltr'><strong>unde</strong></span> <span class='ocrx_word' id='word_1_34' title='bbox 2147 1079 2536 1160; x_wconf 71' lang='lat' dir='ltr'><strong>VersioneS,</strong></span> <span class='ocrx_word' id='word_1_35' title='bbox 2591 1081 2719 1146; x_wconf 84' lang='lat' dir='ltr'><strong>La·</strong></span> 
     </span>
     <span class='ocr_line' id='line_1_6' title="bbox 571 1193 2721 1289; baseline 0 -26"><span class='ocrx_word' id='word_1_36' title='bbox 571 1198 736 1278; x_wconf 81' lang='lat' dir='ltr'><strong>tina,</strong></span> <span class='ocrx_word' id='word_1_37' title='bbox 795 1195 1080 1262; x_wconf 84' lang='lat' dir='ltr'><strong>Arabica</strong></span> <span class='ocrx_word' id='word_1_38' title='bbox 1093 1246 1117 1279; x_wconf 90' lang='lat'><em>,</em></span> <span class='ocrx_word' id='word_1_39' title='bbox 1178 1195 1911 1288; x_wconf 62' lang='lat' dir='ltr'><strong>Aethiopicafluxere:</strong></span> <span class='ocrx_word' id='word_1_40' title='bbox 1991 1195 2214 1289; x_wconf 82' lang='lat' dir='ltr'><strong>itaque</strong></span> <span class='ocrx_word' id='word_1_41' title='bbox 2265 1193 2721 1289; x_wconf 84' lang='lat' dir='ltr'><strong>dignissimum</strong></span> 
     </span>
    </p>
   </div>
   <div class='ocr_carea' id='block_1_4' title="bbox 572 1308 2833 1404">
    <p class='ocr_par' dir='ltr' id='par_1_4' title="bbox 572 1308 2833 1404">
     <span class='ocr_line' id='line_1_7' title="bbox 572 1308 2833 1404; baseline 0 -26"><span class='ocrx_word' id='word_1_42' title='bbox 572 1312 830 1382; x_wconf 85' lang='lat' dir='ltr'><strong>censeri</strong></span> <span class='ocrx_word' id='word_1_43' title='bbox 883 1334 1080 1404; x_wconf 87' lang='lat' dir='ltr'><strong>posse</strong></span> <span class='ocrx_word' id='word_1_44' title='bbox 1151 1308 1321 1378; x_wconf 84' lang='lat' dir='ltr'><strong>illud</strong></span> <span class='ocrx_word' id='word_1_45' title='bbox 1382 1308 1775 1378; x_wconf 83' lang='lat' dir='ltr'><strong>Psalterium</strong></span> <span class='ocrx_word' id='word_1_46' title='bbox 1837 1310 2214 1404; x_wconf 77' lang='lat' dir='ltr'><strong>Syriacum,</strong></span> <span class='ocrx_word' id='word_1_47' title='bbox 2282 1309 2467 1403; x_wconf 87' lang='lat' dir='ltr'><strong>quod</strong></span> <span class='ocrx_word' id='word_1_48' title='bbox 2528 1309 2721 1378; x_wconf 57' lang='lat' dir='ltr'><strong>adhia-</strong></span> <span class='ocrx_word' id='word_1_49' title='bbox 2827 1317 2833 1330; x_wconf 96' lang='grc'><strong><em>’</em></strong></span> 
     </span>
    </p>
   </div>
   <div class='ocr_carea' id='block_1_5' title="bbox 545 1425 2720 3824">
    <p class='ocr_par' dir='ltr' id='par_1_5' title="bbox 547 1425 2718 1752">
     <span class='ocr_line' id='line_1_8' title="bbox 568 1425 2718 1519; baseline 0.001 -26"><span class='ocrx_word' id='word_1_50' title='bbox 568 1427 804 1495; x_wconf 84' lang='lat' dir='ltr'><strong>beatur</strong></span> <span class='ocrx_word' id='word_1_51' title='bbox 852 1427 1026 1495; x_wconf 86' lang='lat' dir='ltr'><strong>inter</strong></span> <span class='ocrx_word' id='word_1_52' title='bbox 1072 1426 1443 1494; x_wconf 83' lang='lat' dir='ltr'><strong>testimonia</strong></span> <span class='ocrx_word' id='word_1_53' title='bbox 1490 1427 1694 1519; x_wconf 83' lang='lat' dir='ltr'><strong>primi</strong></span> <span class='ocrx_word' id='word_1_54' title='bbox 1743 1425 1849 1494; x_wconf 82' lang='lat' dir='ltr'><strong>vel</strong></span> <span class='ocrx_word' id='word_1_55' title='bbox 1908 1441 2087 1494; x_wconf 84' lang='lat' dir='ltr'><strong>certe</strong></span> <span class='ocrx_word' id='word_1_56' title='bbox 2143 1425 2421 1501; x_wconf 78' lang='lat' dir='ltr'><strong>secundi</strong></span> <span class='ocrx_word' id='word_1_57' title='bbox 2466 1425 2718 1496; x_wconf 72' lang='lat' dir='ltr'><strong>ordinis</strong></span> 
     </span>
     <span class='ocr_line' id='line_1_9' title="bbox 547 1540 2717 1636; baseline -0 -27"><span class='ocrx_word' id='word_1_58' title='bbox 547 1540 655 1634; x_wconf 16' lang='lat' dir='ltr'><strong>*ad</strong></span> <span class='ocrx_word' id='word_1_59' title='bbox 704 1541 1204 1636; x_wconf 80' lang='lat' dir='ltr'><strong>expurgandum</strong></span> <span class='ocrx_word' id='word_1_60' title='bbox 1254 1560 1503 1609; x_wconf 86' lang='lat' dir='ltr'><strong>textum</strong></span> <span class='ocrx_word' id='word_1_61' title='bbox 1544 1540 1882 1609; x_wconf 81' lang='lat' dir='ltr'><strong>Graecum</strong></span> <span class='ocrx_word' id='word_1_62' title='bbox 1930 1563 2331 1635; x_wconf 83' lang='lat' dir='ltr'><strong>omnemque</strong></span> <span class='ocrx_word' id='word_1_63' title='bbox 2378 1542 2717 1608; x_wconf 80' lang='lat' dir='ltr'><strong>materiem</strong></span> 
     </span>
     <span class='ocr_line' id='line_1_10' title="bbox 568 1637 2274 1752; baseline 0.002 -27"><span class='ocrx_word' id='word_1_64' title='bbox 568 1659 864 1725; x_wconf 74' lang='lat' dir='ltr'>criticam</span> <span class='ocrx_word' id='word_1_65' title='bbox 910 1675 1094 1728; x_wconf 87' lang='lat' dir='ltr'><strong>recte</strong></span> <span class='ocrx_word' id='word_1_66' title='bbox 1142 1637 1581 1752; x_wconf 75' lang='lat' dir='ltr'><strong>subigendam</strong></span> <span class='ocrx_word' id='word_1_67' title='bbox 1630 1682 1708 1724; x_wconf 88' lang='lat' dir='ltr'><strong>ae</strong></span> <span class='ocrx_word' id='word_1_68' title='bbox 1757 1656 2274 1729; x_wconf 82' lang='lat' dir='ltr'><strong>diiudicandam.</strong></span> 
     </span>
    </p>

    <p class='ocr_par' dir='ltr' id='par_1_6' title="bbox 545 1758 2720 3824">
     <span class='ocr_line' id='line_1_11' title="bbox 758 1758 2716 1867; baseline -0.002 -25"><span class='ocrx_word' id='word_1_69' title='bbox 758 1773 999 1842; x_wconf 85' lang='lat' dir='ltr'><strong>Finem</strong></span> <span class='ocrx_word' id='word_1_70' title='bbox 1060 1771 1446 1867; x_wconf 82' lang='lat' dir='ltr'><strong>disputandi</strong></span> <span class='ocrx_word' id='word_1_71' title='bbox 1512 1758 1842 1854; x_wconf 79' lang='lat' dir='ltr'><strong>facerem,</strong></span> <span class='ocrx_word' id='word_1_72' title='bbox 1904 1774 2032 1840; x_wconf 89' lang='lat' dir='ltr'><strong>nisi</strong></span> <span class='ocrx_word' id='word_1_73' title='bbox 2098 1771 2456 1840; x_wconf 80' lang='lat' dir='ltr'><strong>lectoribus</strong></span> <span class='ocrx_word' id='word_1_74' title='bbox 2521 1769 2716 1840; x_wconf 83' lang='lat' dir='ltr'><strong>simul</strong></span> 
     </span>
     <span class='ocr_line' id='line_1_12' title="bbox 564 1885 2717 1982; baseline 0 -27"><span class='ocrx_word' id='word_1_75' title='bbox 564 1885 864 1956; x_wconf 80' lang='lat' dir='ltr'><strong>indicare</strong></span> <span class='ocrx_word' id='word_1_76' title='bbox 902 1887 1182 1973; x_wconf 84' lang='lat' dir='ltr'><strong>vellem,</strong></span> <span class='ocrx_word' id='word_1_77' title='bbox 1230 1913 1340 1958; x_wconf 91' lang='lat' dir='ltr'><strong>me</strong></span> <span class='ocrx_word' id='word_1_78' title='bbox 1387 1888 1793 1982; x_wconf 86' lang='lat' dir='ltr'><strong>prolusionis</strong></span> <span class='ocrx_word' id='word_1_79' title='bbox 1842 1889 2259 1981; x_wconf 78' lang='lat' dir='ltr'><strong>potissimum</strong></span> <span class='ocrx_word' id='word_1_80' title='bbox 2301 1889 2503 1980; x_wconf 82' lang='lat' dir='ltr'><strong>gratia</strong></span> <span class='ocrx_word' id='word_1_81' title='bbox 2552 1887 2717 1955; x_wconf 85' lang='lat' dir='ltr'><strong>haec</strong></span> 
     </span>
     <span class='ocr_line' id='line_1_13' title="bbox 563 2000 2718 2097; baseline -0 -26"><span class='ocrx_word' id='word_1_82' title='bbox 563 2005 925 2097; x_wconf 82' lang='lat' dir='ltr'><strong>scripsisse.</strong></span> <span class='ocrx_word' id='word_1_83' title='bbox 1021 2004 1278 2073; x_wconf 80' lang='lat' dir='ltr'><strong>Novam</strong></span> <span class='ocrx_word' id='word_1_84' title='bbox 1328 2006 1507 2072; x_wconf 86' lang='lat' dir='ltr'><strong>enim</strong></span> <span class='ocrx_word' id='word_1_85' title='bbox 1553 2003 1886 2085; x_wconf 79' lang='lat' dir='ltr'><strong>meditor,</strong></span> <span class='ocrx_word' id='word_1_86' title='bbox 1929 2003 2186 2072; x_wconf 79' lang='lat' dir='ltr'><strong>favente</strong></span> <span class='ocrx_word' id='word_1_87' title='bbox 2224 2003 2410 2084; x_wconf 90' lang='lat' dir='ltr'><strong>De0,</strong></span> <span class='ocrx_word' id='word_1_88' title='bbox 2459 2000 2718 2070; x_wconf 78' lang='lat' dir='ltr'><strong>Editio-</strong></span> 
     </span>
     <span class='ocr_line' id='line_1_14' title="bbox 561 2118 2716 2214; baseline 0 -30"><span class='ocrx_word' id='word_1_89' title='bbox 561 2143 717 2185; x_wconf 89' lang='lat' dir='ltr'><strong>nem</strong></span> <span class='ocrx_word' id='word_1_90' title='bbox 776 2118 1076 2190; x_wconf 80' lang='lat' dir='ltr'><strong>Psalterii</strong></span> <span class='ocrx_word' id='word_1_91' title='bbox 1136 2119 1379 2190; x_wconf 85' lang='lat' dir='ltr'><strong>Graeci</strong></span> <span class='ocrx_word' id='word_1_92' title='bbox 1435 2120 1623 2188; x_wconf 90' lang='lat' dir='ltr'><strong>LXX</strong></span> <span class='ocrx_word' id='word_1_93' title='bbox 1689 2120 2140 2214; x_wconf 77' lang='lat' dir='ltr'><strong>Interpretum</strong></span> <span class='ocrx_word' id='word_1_94' title='bbox 2166 2167 2189 2201; x_wconf 88' lang='lat'><strong><em>,</em></strong></span> <span class='ocrx_word' id='word_1_95' title='bbox 2258 2118 2442 2186; x_wconf 86' lang='lat' dir='ltr'><strong>cuius</strong></span> <span class='ocrx_word' id='word_1_96' title='bbox 2505 2135 2716 2186; x_wconf 78' lang='lat' dir='ltr'><strong>textus</strong></span> 
     </span>
     <span class='ocr_line' id='line_1_15' title="bbox 562 2233 2717 2329; baseline 0 -29"><span class='ocrx_word' id='word_1_97' title='bbox 562 2233 650 2300; x_wconf 87' lang='lat' dir='ltr'><strong>ad</strong></span> <span class='ocrx_word' id='word_1_98' title='bbox 707 2234 998 2303; x_wconf 76' lang='lat' dir='ltr'><strong>oblatam</strong></span> <span class='ocrx_word' id='word_1_99' title='bbox 1056 2254 1121 2304; x_wconf 88' lang='lat' dir='ltr'><strong>et</strong></span> <span class='ocrx_word' id='word_1_100' title='bbox 1180 2234 1453 2306; x_wconf 85' lang='lat' dir='ltr'><strong>ulterius</strong></span> <span class='ocrx_word' id='word_1_101' title='bbox 1519 2236 1958 2329; x_wconf 83' lang='lat' dir='ltr'><strong>conquisitam</strong></span> <span class='ocrx_word' id='word_1_102' title='bbox 2021 2234 2364 2303; x_wconf 78' lang='lat' dir='ltr'><strong>materiem</strong></span> <span class='ocrx_word' id='word_1_103' title='bbox 2422 2234 2717 2300; x_wconf 78' lang='lat' dir='ltr'><strong>criticam</strong></span> 
     </span>
     <span class='ocr_line' id='line_1_16' title="bbox 563 2348 2718 2445; baseline 0 -30"><span class='ocrx_word' id='word_1_104' title='bbox 563 2350 647 2416; x_wconf 84' lang='lat' dir='ltr'><strong>sit</strong></span> <span class='ocrx_word' id='word_1_105' title='bbox 697 2352 1080 2444; x_wconf 71' lang='lat' dir='ltr'><strong>castigatus„</strong></span> <span class='ocrx_word' id='word_1_106' title='bbox 1140 2369 1205 2420; x_wconf 81' lang='lat' dir='ltr'><strong>et</strong></span> <span class='ocrx_word' id='word_1_107' title='bbox 1256 2349 1483 2445; x_wconf 85' lang='lat' dir='ltr'><strong>quoad</strong></span> <span class='ocrx_word' id='word_1_108' title='bbox 1543 2352 1684 2418; x_wconf 78' lang='lat' dir='ltr'><strong>eius</strong></span> <span class='ocrx_word' id='word_1_109' title='bbox 1732 2350 1881 2418; x_wconf 86' lang='lat' dir='ltr'><strong>fieri</strong></span> <span class='ocrx_word' id='word_1_110' title='bbox 1931 2367 2184 2443; x_wconf 84' lang='lat' dir='ltr'><strong>potest,</strong></span> <span class='ocrx_word' id='word_1_111' title='bbox 2243 2348 2496 2416; x_wconf 75' lang='lat' dir='ltr'><strong>nativae</strong></span> <span class='ocrx_word' id='word_1_112' title='bbox 2547 2349 2718 2416; x_wconf 78' lang='lat' dir='ltr'><strong>inte-</strong></span> 
     </span>
     <span class='ocr_line' id='line_1_17' title="bbox 564 2460 2720 2559; baseline 0.001 -30"><span class='ocrx_word' id='word_1_113' title='bbox 564 2465 784 2556; x_wconf 74' lang='lat' dir='ltr'><strong>gritati</strong></span> <span class='ocrx_word' id='word_1_114' title='bbox 847 2490 1003 2532; x_wconf 86' lang='lat' dir='ltr'><strong>suae</strong></span> <span class='ocrx_word' id='word_1_115' title='bbox 1060 2467 1417 2536; x_wconf 79' lang='lat' dir='ltr'><strong>restitutus.</strong></span> <span class='ocrx_word' id='word_1_116' title='bbox 1515 2460 2019 2559; x_wconf 81' lang='lat' dir='ltr'><strong>Subiungentur</strong></span> <span class='ocrx_word' id='word_1_117' title='bbox 2068 2462 2398 2533; x_wconf 82' lang='lat' dir='ltr'><strong>Codicum</strong></span> <span class='ocrx_word' id='word_1_118' title='bbox 2444 2462 2720 2531; x_wconf 84' lang='lat' dir='ltr'><strong>Holme-</strong></span> 
     </span>
     <span class='ocr_line' id='line_1_18' title="bbox 560 2578 2719 2660; baseline 0.002 -17"><span class='ocrx_word' id='word_1_119' title='bbox 560 2578 900 2644; x_wconf 82' lang='lat' dir='ltr'><strong>sianorum</strong></span> <span class='ocrx_word' id='word_1_120' title='bbox 959 2597 1028 2646; x_wconf 84' lang='lat' dir='ltr'><strong>et</strong></span> <span class='ocrx_word' id='word_1_121' title='bbox 1074 2580 1480 2648; x_wconf 81' lang='lat' dir='ltr'><strong>Veronensis</strong></span> <span class='ocrx_word' id='word_1_122' title='bbox 1544 2603 1583 2647; x_wconf 86' lang='lat' dir='ltr'><strong>a</strong></span> <span class='ocrx_word' id='word_1_123' title='bbox 1638 2606 1746 2649; x_wconf 90' lang='lat' dir='ltr'><strong>me</strong></span> <span class='ocrx_word' id='word_1_124' title='bbox 1811 2580 2036 2650; x_wconf 87' lang='lat' dir='ltr'><strong>collati</strong></span> <span class='ocrx_word' id='word_1_125' title='bbox 2096 2582 2313 2649; x_wconf 79' lang='lat' dir='ltr'><strong>variae</strong></span> <span class='ocrx_word' id='word_1_126' title='bbox 2358 2578 2719 2660; x_wconf 77' lang='lat' dir='ltr'><strong>lectiones,</strong></span> 
     </span>
     <span class='ocr_line' id='line_1_19' title="bbox 555 2691 2716 2788; baseline 0 -28"><span class='ocrx_word' id='word_1_127' title='bbox 555 2692 647 2760; x_wconf 81' lang='lat' dir='ltr'><strong>ita</strong></span> <span class='ocrx_word' id='word_1_128' title='bbox 708 2693 782 2758; x_wconf 86' lang='lat' dir='ltr'><strong>in</strong></span> <span class='ocrx_word' id='word_1_129' title='bbox 842 2692 1317 2787; x_wconf 84' lang='lat' dir='ltr'><strong>compendium</strong></span> <span class='ocrx_word' id='word_1_130' title='bbox 1382 2691 1691 2788; x_wconf 46' lang='lat' dir='ltr'><strong>eedactae</strong></span> <span class='ocrx_word' id='word_1_131' title='bbox 1716 2742 1739 2776; x_wconf 87' lang='lat'><strong><em>,</em></strong></span> <span class='ocrx_word' id='word_1_132' title='bbox 1807 2712 1882 2761; x_wconf 84' lang='lat' dir='ltr'><strong>ut</strong></span> <span class='ocrx_word' id='word_1_133' title='bbox 1942 2719 2099 2762; x_wconf 82' lang='lat' dir='ltr'><strong>usus</strong></span> <span class='ocrx_word' id='word_1_134' title='bbox 2157 2694 2429 2761; x_wconf 81' lang='lat' dir='ltr'><strong>illorum</strong></span> <span class='ocrx_word' id='word_1_135' title='bbox 2494 2695 2716 2786; x_wconf 77' lang='lat' dir='ltr'><strong>potius</strong></span> 
     </span>
     <span class='ocr_line' id='line_1_20' title="bbox 555 2805 2717 2901; baseline -0.001 -25"><span class='ocrx_word' id='word_1_136' title='bbox 555 2825 870 2901; x_wconf 78' lang='lat' dir='ltr'><strong>augeatur</strong></span> <span class='ocrx_word' id='word_1_137' title='bbox 921 2834 1122 2901; x_wconf 86' lang='lat' dir='ltr'><strong>quam</strong></span> <span class='ocrx_word' id='word_1_138' title='bbox 1184 2809 1579 2900; x_wconf 50' lang='lat' dir='ltr'><strong>minuatur„</strong></span> <span class='ocrx_word' id='word_1_139' title='bbox 1610 2810 1768 2896; x_wconf 89' lang='lat' dir='ltr'><strong>(nisi</strong></span> <span class='ocrx_word' id='word_1_140' title='bbox 1816 2808 1999 2878; x_wconf 74' lang='lat' dir='ltr'><strong>forte</strong></span> <span class='ocrx_word' id='word_1_141' title='bbox 2039 2808 2278 2901; x_wconf 84' lang='lat' dir='ltr'><strong>aliquis</strong></span> <span class='ocrx_word' id='word_1_142' title='bbox 2332 2833 2444 2876; x_wconf 86' lang='lat' dir='ltr'><strong>eos</strong></span> <span class='ocrx_word' id='word_1_143' title='bbox 2495 2805 2717 2875; x_wconf 81' lang='lat' dir='ltr'><strong>Codd.</strong></span> 
     </span>
     <span class='ocr_line' id='line_1_21' title="bbox 552 2916 2717 3017; baseline 0.001 -29"><span class='ocrx_word' id='word_1_144' title='bbox 552 2923 851 3015; x_wconf 87' lang='lat' dir='ltr'><strong>ipsorum</strong></span> <span class='ocrx_word' id='word_1_145' title='bbox 912 2947 1105 2990; x_wconf 85' lang='lat' dir='ltr'><strong>causa</strong></span> <span class='ocrx_word' id='word_1_146' title='bbox 1167 2947 1574 3017; x_wconf 76' lang='lat' dir='ltr'><strong>cognoscere</strong></span> <span class='ocrx_word' id='word_1_147' title='bbox 1637 2916 1882 3014; x_wconf 81' lang='lat' dir='ltr'><strong>velit3)</strong></span> <span class='ocrx_word' id='word_1_148' title='bbox 1954 2921 2239 2990; x_wconf 80' lang='lat' dir='ltr'><strong>addetur</strong></span> <span class='ocrx_word' id='word_1_149' title='bbox 2295 2924 2717 3016; x_wconf 80' lang='lat' dir='ltr'><strong>antiquarum</strong></span> 
     </span>
     <span class='ocr_line' id='line_1_22' title="bbox 551 3037 2714 3132; baseline -0 -28"><span class='ocrx_word' id='word_1_150' title='bbox 551 3037 998 3120; x_wconf 81' lang='lat' dir='ltr'><strong>versionum,</strong></span> <span class='ocrx_word' id='word_1_151' title='bbox 1072 3040 1211 3105; x_wconf 85' lang='lat' dir='ltr'><strong>Lat.</strong></span> <span class='ocrx_word' id='word_1_152' title='bbox 1267 3039 1462 3110; x_wconf 79' lang='lat' dir='ltr'><strong>Aeth·</strong></span> <span class='ocrx_word' id='word_1_153' title='bbox 1528 3038 1740 3107; x_wconf 75' lang='lat' dir='ltr'><strong>Arab-</strong></span> <span class='ocrx_word' id='word_1_154' title='bbox 1804 3038 1956 3132; x_wconf 69' lang='lat' dir='ltr'><strong>Syr.</strong></span> <span class='ocrx_word' id='word_1_155' title='bbox 2030 3054 2336 3105; x_wconf 77' lang='lat' dir='ltr'><strong>accurata</strong></span> <span class='ocrx_word' id='word_1_156' title='bbox 2413 3037 2714 3120; x_wconf 80' lang='lat' dir='ltr'><strong>collatiO,</strong></span> 
     </span>
     <span class='ocr_line' id='line_1_23' title="bbox 547 3145 2717 3247; baseline -0.001 -28"><span class='ocrx_word' id='word_1_157' title='bbox 547 3145 691 3240; x_wconf 83' lang='lat' dir='ltr'><strong>(cui</strong></span> <span class='ocrx_word' id='word_1_158' title='bbox 746 3153 848 3220; x_wconf 84' lang='lat' dir='ltr'><strong>rei</strong></span> <span class='ocrx_word' id='word_1_159' title='bbox 909 3153 983 3219; x_wconf 92' lang='lat' dir='ltr'><strong>in</strong></span> <span class='ocrx_word' id='word_1_160' title='bbox 1047 3152 1364 3222; x_wconf 85' lang='lat' dir='ltr'><strong>Psalterio</strong></span> <span class='ocrx_word' id='word_1_161' title='bbox 1433 3152 1652 3222; x_wconf 87' lang='lat' dir='ltr'><strong>Holm.</strong></span> <span class='ocrx_word' id='word_1_162' title='bbox 1728 3151 2246 3247; x_wconf 79' lang='lat' dir='ltr'><strong>haudquaquam</strong></span> <span class='ocrx_word' id='word_1_163' title='bbox 2317 3151 2717 3218; x_wconf 76' lang='lat' dir='ltr'><strong>satisfactum</strong></span> 
     </span>
     <span class='ocr_line' id='line_1_24' title="bbox 551 3263 2715 3363; baseline -0 -30"><span class='ocrx_word' id='word_1_164' title='bbox 551 3264 725 3351; x_wconf 84' lang='lat' dir='ltr'><strong>est‚)</strong></span> <span class='ocrx_word' id='word_1_165' title='bbox 772 3266 1024 3335; x_wconf 83' lang='lat' dir='ltr'><strong>adscita</strong></span> <span class='ocrx_word' id='word_1_166' title='bbox 1075 3270 1272 3334; x_wconf 79' lang='lat' dir='ltr'><strong>etiam</strong></span> <span class='ocrx_word' id='word_1_167' title='bbox 1319 3267 1722 3363; x_wconf 85' lang='lat' dir='ltr'><strong>Apollinarii</strong></span> <span class='ocrx_word' id='word_1_168' title='bbox 1769 3267 2218 3362; x_wconf 70' lang='lat' dir='ltr'><strong>Memphi-asi:</strong></span> <span class='ocrx_word' id='word_1_169' title='bbox 2265 3289 2396 3335; x_wconf 85' lang='lat' dir='ltr'><strong>nec</strong></span> <span class='ocrx_word' id='word_1_170' title='bbox 2445 3263 2715 3333; x_wconf 82' lang='lat' dir='ltr'><strong>deside-</strong></span> 
     </span>
     <span class='ocr_line' id='line_1_25' title="bbox 551 3379 2716 3474; baseline 0 -28"><span class='ocrx_word' id='word_1_171' title='bbox 551 3382 876 3449; x_wconf 84' lang='lat' dir='ltr'><strong>rabuntur</strong></span> <span class='ocrx_word' id='word_1_172' title='bbox 923 3381 1194 3451; x_wconf 83' lang='lat' dir='ltr'><strong>Scholia</strong></span> <span class='ocrx_word' id='word_1_173' title='bbox 1249 3383 1507 3452; x_wconf 87' lang='lat' dir='ltr'><strong>Graeca</strong></span> <span class='ocrx_word' id='word_1_174' title='bbox 1569 3404 1636 3454; x_wconf 88' lang='lat' dir='ltr'><strong>et</strong></span> <span class='ocrx_word' id='word_1_175' title='bbox 1691 3385 1958 3467; x_wconf 85' lang='lat' dir='ltr'><strong>Latina,</strong></span> <span class='ocrx_word' id='word_1_176' title='bbox 2023 3383 2357 3450; x_wconf 84' lang='lat' dir='ltr'><strong>Romanae</strong></span> <span class='ocrx_word' id='word_1_177' title='bbox 2436 3379 2716 3474; x_wconf 87' lang='lat' dir='ltr'><strong>quidem</strong></span> 
     </span>
     <span class='ocr_line' id='line_1_26' title="bbox 545 3492 2714 3592; baseline -0 -30"><span class='ocrx_word' id='word_1_178' title='bbox 545 3495 874 3566; x_wconf 84' lang='lat' dir='ltr'><strong>Editionis</strong></span> <span class='ocrx_word' id='word_1_179' title='bbox 934 3496 1266 3592; x_wconf 81' lang='lat' dir='ltr'><strong>pleraque</strong></span> <span class='ocrx_word' id='word_1_180' title='bbox 1328 3499 1553 3567; x_wconf 87' lang='lat' dir='ltr'><strong>omnia</strong></span> <span class='ocrx_word' id='word_1_181' title='bbox 1611 3498 1698 3566; x_wconf 83' lang='lat' dir='ltr'><strong>ad</strong></span> <span class='ocrx_word' id='word_1_182' title='bbox 1761 3495 1898 3579; x_wconf 68' lang='grc' dir='ltr'><strong>τὴν</strong></span> <span class='ocrx_word' id='word_1_183' title='bbox 1957 3492 2219 3577; x_wconf 79' lang='grc' dir='ltr'><strong><em>Κοινὴν</em></strong></span> <span class='ocrx_word' id='word_1_184' title='bbox 2278 3497 2714 3591; x_wconf 73' lang='lat' dir='ltr'><strong>pertinentia,</strong></span> 
     </span>
     <span class='ocr_line' id='line_1_27' title="bbox 546 3609 2713 3707; baseline -0 -28"><span class='ocrx_word' id='word_1_185' title='bbox 546 3609 674 3679; x_wconf 82' lang='lat' dir='ltr'><strong>alia</strong></span> <span class='ocrx_word' id='word_1_186' title='bbox 731 3611 836 3680; x_wconf 82' lang='lat' dir='ltr'><strong>vel</strong></span> <span class='ocrx_word' id='word_1_187' title='bbox 903 3638 986 3682; x_wconf 83' lang='lat' dir='ltr'><strong>ex</strong></span> <span class='ocrx_word' id='word_1_188' title='bbox 1058 3614 1221 3707; x_wconf 87' lang='lat' dir='ltr'><strong>ipsis</strong></span> <span class='ocrx_word' id='word_1_189' title='bbox 1279 3614 1586 3683; x_wconf 84' lang='lat' dir='ltr'><strong>Patribus</strong></span> <span class='ocrx_word' id='word_1_190' title='bbox 1651 3612 1757 3682; x_wconf 82' lang='lat' dir='ltr'><strong>vel</strong></span> <span class='ocrx_word' id='word_1_191' title='bbox 1826 3639 1907 3681; x_wconf 81' lang='lat' dir='ltr'><strong>ex</strong></span> <span class='ocrx_word' id='word_1_192' title='bbox 1966 3611 2231 3682; x_wconf 77' lang='lat' dir='ltr'><strong>Balth.</strong></span> <span class='ocrx_word' id='word_1_193' title='bbox 2298 3609 2713 3684; x_wconf 68' lang='lat' dir='ltr'><strong>Corderii</strong></span> 
     </span>
     <span class='ocr_line' id='line_1_28' title="bbox 546 3724 2713 3824; baseline -0.002 -29"><span class='ocrx_word' id='word_1_194' title='bbox 546 3727 794 3796; x_wconf 81' lang='lat' dir='ltr'><strong>Catena</strong></span> <span class='ocrx_word' id='word_1_195' title='bbox 841 3726 1085 3798; x_wconf 84' lang='lat' dir='ltr'><strong>selecta</strong></span> <span class='ocrx_word' id='word_1_196' title='bbox 1133 3724 1239 3824; x_wconf 79' lang='lat'><strong>*):</strong></span> <span class='ocrx_word' id='word_1_197' title='bbox 1315 3727 1587 3796; x_wconf 85' lang='lat' dir='ltr'><strong>tandem</strong></span> <span class='ocrx_word' id='word_1_198' title='bbox 1635 3744 1864 3804; x_wconf 57' lang='lat' dir='ltr'><strong>„textus</strong></span> <span class='ocrx_word' id='word_1_199' title='bbox 1926 3727 2295 3796; x_wconf 81' lang='lat' dir='ltr'><strong>Hebraicus</strong></span> <span class='ocrx_word' id='word_1_200' title='bbox 2367 3748 2713 3820; x_wconf 83' lang='lat' dir='ltr'><strong>compara-</strong></span> 
     </span>
    </p>
   </div>
   <div class='ocr_carea' id='block_1_6' title="bbox 608 4037 2707 4391">
    <p class='ocr_par' dir='ltr' id='par_1_7' title="bbox 608 4037 2707 4302">
     <span class='ocr_line' id='line_1_29' title="bbox 608 4037 2706 4130; baseline -0.003 -19"><span class='ocrx_word' id='word_1_201' title='bbox 608 4057 661 4125; x_wconf 72' lang='lat'><strong>&#39;)</strong></span> <span class='ocrx_word' id='word_1_202' title='bbox 697 4057 739 4111; x_wconf 90' lang='lat' dir='ltr'>C</span> <span class='ocrx_word' id='word_1_203' title='bbox 760 4056 1037 4110; x_wconf 71' lang='lat' dir='ltr'><strong>ordei-ii</strong></span> <span class='ocrx_word' id='word_1_204' title='bbox 1080 4055 1287 4111; x_wconf 81' lang='lat' dir='ltr'><strong>Catena</strong></span> <span class='ocrx_word' id='word_1_205' title='bbox 1318 4073 1709 4130; x_wconf 81' lang='lat' dir='ltr'><strong>nonnunquam</strong></span> <span class='ocrx_word' id='word_1_206' title='bbox 1744 4037 2035 4127; x_wconf 64' lang='lat' dir='ltr'><strong>pro¹sonte</strong></span> <span class='ocrx_word' id='word_1_207' title='bbox 2072 4072 2199 4109; x_wconf 73' lang='lat' dir='ltr'><strong>usus</strong></span> <span class='ocrx_word' id='word_1_208' title='bbox 2242 4059 2326 4112; x_wconf 74' lang='lat' dir='ltr'><strong>est</strong></span> <span class='ocrx_word' id='word_1_209' title='bbox 2358 4052 2706 4109; x_wconf 80' lang='lat' dir='ltr'><strong>Montfauco·</strong></span> 
     </span>
     <span class='ocr_line' id='line_1_30' title="bbox 746 4133 2705 4215; baseline -0.004 -19"><span class='ocrx_word' id='word_1_210' title='bbox 746 4145 871 4196; x_wconf 80' lang='lat' dir='ltr'><strong>nius</strong></span> <span class='ocrx_word' id='word_1_211' title='bbox 907 4145 968 4197; x_wconf 89' lang='lat' dir='ltr'><strong>in</strong></span> <span class='ocrx_word' id='word_1_212' title='bbox 1003 4145 1299 4215; x_wconf 79' lang='lat' dir='ltr'><strong>Hexaplis:</strong></span> <span class='ocrx_word' id='word_1_213' title='bbox 1354 4144 1592 4199; x_wconf 81' lang='lat' dir='ltr'><strong>Grabius</strong></span> <span class='ocrx_word' id='word_1_214' title='bbox 1636 4162 1861 4215; x_wconf 85' lang='lat' dir='ltr'><strong>quoque</strong></span> <span class='ocrx_word' id='word_1_215' title='bbox 1908 4160 1977 4195; x_wconf 78' lang='lat' dir='ltr'><strong>ex</strong></span> <span class='ocrx_word' id='word_1_216' title='bbox 2014 4139 2120 4196; x_wconf 83' lang='lat' dir='ltr'><strong>hoc</strong></span> <span class='ocrx_word' id='word_1_217' title='bbox 2161 4158 2328 4211; x_wconf 69' lang='lat' dir='ltr'><strong>opere</strong></span> <span class='ocrx_word' id='word_1_218' title='bbox 2372 4156 2431 4192; x_wconf 78' lang='lat' dir='ltr'><strong>se</strong></span> <span class='ocrx_word' id='word_1_219' title='bbox 2468 4133 2705 4191; x_wconf 74' lang='lat' dir='ltr'><strong>multum&#39;</strong></span> 
     </span>
     <span class='ocr_line' id='line_1_31' title="bbox 739 4229 2707 4302; baseline -0.001 -19"><span class='ocrx_word' id='word_1_220' title='bbox 739 4231 1037 4301; x_wconf 75' lang='lat' dir='ltr'><strong>profecisse</strong></span> <span class='ocrx_word' id='word_1_221' title='bbox 1067 4232 1390 4302; x_wconf 73' lang='lat' dir='ltr'><strong>profitetur,</strong></span> <span class='ocrx_word' id='word_1_222' title='bbox 1423 4246 1648 4284; x_wconf 77' lang='lat' dir='ltr'><strong>monens</strong></span> <span class='ocrx_word' id='word_1_223' title='bbox 1684 4233 1907 4286; x_wconf 72' lang='lat' dir='ltr'><strong>iuterim</strong></span> <span class='ocrx_word' id='word_1_224' title='bbox 1946 4231 2203 4283; x_wconf 68' lang='lat' dir='ltr'><strong>catenam</strong></span> <span class='ocrx_word' id='word_1_225' title='bbox 2243 4229 2397 4281; x_wconf 81' lang='lat' dir='ltr'><strong>illam</strong></span> <span class='ocrx_word' id='word_1_226' title='bbox 2433 4244 2500 4279; x_wconf 82' lang='lat' dir='ltr'><strong>ex</strong></span> <span class='ocrx_word' id='word_1_227' title='bbox 2537 4241 2707 4282; x_wconf 73' lang='lat' dir='ltr'><strong>anee-</strong></span> 
     </span>
    </p>

    <p class='ocr_par' dir='ltr' id='par_1_8' title="bbox 665 4311 2578 4391">
     <span class='ocr_line' id='line_1_32' title="bbox 665 4311 2578 4391; baseline -0.001 -20"><span class='ocrx_word' id='word_1_228' title='bbox 665 4311 670 4316; x_wconf 72' lang='grc'><strong>’</strong></span> <span class='ocrx_word' id='word_1_229' title='bbox 746 4317 891 4372; x_wconf 79' lang='lat' dir='ltr'><strong>dotis</strong></span> <span class='ocrx_word' id='word_1_230' title='bbox 939 4319 1123 4390; x_wconf 79' lang='lat' dir='ltr'><strong>augeri</strong></span> <span class='ocrx_word' id='word_1_231' title='bbox 1175 4333 1335 4391; x_wconf 74' lang='lat' dir='ltr'><strong>posse</strong></span> <span class='ocrx_word' id='word_1_232' title='bbox 1372 4327 1428 4373; x_wconf 76' lang='lat' dir='ltr'><strong>et</strong></span> <span class='ocrx_word' id='word_1_233' title='bbox 1462 4318 1781 4383; x_wconf 78' lang='lat' dir='ltr'><strong>emendari,</strong></span> <span class='ocrx_word' id='word_1_234' title='bbox 1816 4319 1875 4374; x_wconf 87' lang='lat' dir='ltr'><strong>id</strong></span> <span class='ocrx_word' id='word_1_235' title='bbox 1913 4319 2065 4391; x_wconf 80' lang='lat' dir='ltr'><strong>quod</strong></span> <span class='ocrx_word' id='word_1_236' title='bbox 2103 4318 2265 4374; x_wconf 76' lang='lat' dir='ltr'><strong>facile</strong></span> <span class='ocrx_word' id='word_1_237' title='bbox 2305 4318 2578 4389; x_wconf 76' lang='lat' dir='ltr'><strong>largimur.</strong></span> 
     </span>
    </p>
   </div>
   <div class='ocr_carea' id='block_1_7' title="bbox 3356 535 3373 848">
    <p class='ocr_par' dir='ltr' id='par_1_9' title="bbox 3356 535 3373 848">
     <span class='ocr_line' id='line_1_33' title="bbox 3356 535 3373 848; textangle 90"><span class='ocrx_word' id='word_1_238' title='bbox 3356 675 3373 848; x_wconf 46' lang='lat' dir='ltr'><strong>finan*</strong></span> <span class='ocrx_word' id='word_1_239' title='bbox 3368 603 3371 628; x_wconf 35' lang='lat' dir='ltr'><strong>m</strong></span> <span class='ocrx_word' id='word_1_240' title='bbox 3368 535 3371 562; x_wconf 29' lang='grc' dir='ltr'><em>Α</em></span> 
     </span>
    </p>
   </div>
  </div>
 </body>
</html>
