3550 5167
928 500 977 569 8
1763 485 2275 588 Prolssgomena.

925 672 1250 788 variaque*
1296 695 1652 764 tentamina
1712 695 2087 786 antiquitus,
2131 689 2424 782 experti,
2495 706 2569 754 ut
2629 686 2715 754 ad
2773 691 3091 783 primige-

925 810 1112 874 nium
1161 813 1445 876 nitorem
1494 835 1683 878 suum
1732 830 2072 901 nunquam
2121 806 2420 871 revocari
2469 827 2668 896 posse
2715 802 3089 872 videantur:

927 922 1039 989 alii
1082 913 1235 1017 plus
1279 928 1531 994 nativae
1580 925 1833 993 formae
1872 922 2289 989 retinuerunt
2307 970 2329 1003 ‚
2390 934 2460 989 'et
2507 919 2765 989 facilius
2819 922 3095 1014 integri-

927 1040 1042 1105 tati
1090 1063 1246 1106 suae
1294 1043 1740 1108 restituentur.

1122 1152 1262 1220 Sed
1322 1157 1394 1221 in
1441 1155 1574 1224 illis
1638 1175 1910 1246 quoque
1969 1174 2174 1243 opera
2241 1149 2462 1218 danda
2525 1171 2667 1234 cst,
2734 1171 2807 1218 ut
2870 1152 3096 1245 quoad

926 1270 1065 1334 eius
1117 1269 1264 1335 fieri
1304 1287 1557 1363 potest,
1627 1267 1713 1333 ad
1756 1270 2111 1361 antiquam
2159 1282 2246 1333 στ’
2280 1272 2586 1333 nativam
2629 1264 2889 1345 Κοινὴν
2937 1293 3098 1360 per-

921 1386 1255 1451 veniatur:
1305 1386 1395 1450 ita
1445 1385 1623 1449 enim
1672 1382 1895 1475 placet
1946 1408 2090 1448 eam
2132 1406 2370 1450 vocare
2421 1385 2818 1475 scripturam
2841 1434 2860 1463 ,
2926 1408 3095 1476 quae

923 1500 1008 1564 ab
1075 1502 1221 1591 ipso
1287 1500 1509 1591 primo
1572 1497 1961 1565 translatore
2030 1498 2333 1590 profecta
2397 1517 2533 1580 est,
2610 1516 2721 1565 aut
2790 1500 3095 1591 proxime

925 1612 1011 1678 ad
1061 1616 1202 1678 eius
1262 1638 1530 1680 manum
1596 1612 1872 1681 accedit.
1971 1614 2141 1680 Nam
2204 1612 2389 1707 quod
2456 1615 2899 1707 Hieronymus
2962 1610 3096 1691 τὴν

922 1727 1187 1806 Κοινήν
1243 1728 1411 1797 adeo
1465 1731 1831 1797 contemnit
1856 1778 1877 1810 ‚
1943 1747 2018 1814 ut
2064 1732 2311 1823 passim
2358 1731 2468 1798 vix
2516 1754 2591 1795 ae
2649 1754 2737 1796 ne
2788 1729 2895 1796 vix
2945 1730 3096 1822 qui·-

926 1849 1086 1922 (lem
1136 1842 1404 1939 dignam
1472 1862 1737 1911 censeat
1806 1845 2076 1911 nomine
2130 1845 2316 1910 LXX
2368 1845 2816 1937 Interpretnni
2834 1894 2855 1926 ‚
2926 1836 3096 1937 quo4

924 1967 1105 2032 niam
1133 1962 1247 2030 illa
1290 1964 1363 2028 in
1398 1977 1536 2027 toto
1573 1960 1737 2025 orbe
1775 1960 1860 2025 sit
1908 1957 2188 2040 diversa3
2238 1959 2313 2024 id
2359 1953 2696 2027 neminem
2743 1958 3093 2052 impellere

927 2080 1170 2161 debet,
1232 2095 1307 2144 ut
1355 2076 1559 2142 textui
1608 2071 1969 2167 Hexaplari
2028 2076 2550 2167 praerogativam
2611 2074 2855 2168 cupide
2906 2073 3094 2141 defe-

922 2220 1078 2261 rens
1093 2244 1114 2276 ,
1166 2192 1353 2286 quasi
1401 2192 1664 2257 inventa
1712 2206 1915 2269 meta,
1979 2190 2050 2253 in
2100 2187 2518 2280 Origenianis
2567 2189 2850 2257 feliciter
2899 2215 3096 2256 recu-

923 2309 1171 2401 peratis
1240 2324 1307 2374 et
1368 2303 1698 2397 expeditis
1761 2303 2152 2396 acquiescat.
2263 2299 2382 2370 Ad
2441 2302 2858 2370 Hebraicam
2920 2308 3093 2371 veri·-

923 2436 1141 2487 tatem
1203 2419 1529 2510 Origenes
1615 2434 1681 2483 et
1754 2416 2198 2509 Hieronymus
2224 2452 2248 2497 ‚·
2337 2417 2443 2483 vel
2528 2436 2857 2511 quotquot
2939 2443 3094 2488 cum

922 2536 1028 2602 his
1107 2533 1437 2600 faciebant
1466 2582 1488 2613 ‚
1582 2530 1824 2596 Graeci
1898 2548 2109 2597 textus
2199 2529 2517 2599 lectiones
2606 2541 2918 2627 tanquam
3006 2533 3093 2602 ad

921 2647 1212 2742 Lydium
1289 2646 1586 2741 lapidem
1665 2647 1928 2740 exigere
2001 2644 2318 2740 solebant.
2431 2647 2515 2715 Id
2585 2665 2660 2717 ut
2724 2648 2979 2722 multis-
3017 2651 3090 2715 in

921 2762 1100 2831 locis'
1134 2757 1393 2831 Graeco
1444 2760 1741 2870 profuit,
1804 2764 1895 2831 ita
1941 2761 2016 2829 in
2064 2760 2207 2831 aliis
2261 2762 2440 2831 haud
2487 2760 2917 2859 paucioribus
2963 2766 3090 2834 mi·-

912 2880 1112 2947 riflce
1162 2878 1393 2947 obfuit.
1432 2897 1437 2903 ·
2711 2967 2714 2969 v
2914 2933 2921 2942 .

1116 2994 1360 3062 Nostro
1403 2992 1679 3088 quidem
1713 3020 1895 3081 aevo,
1944 2998 2071 3067 uhi·
2091 2999 2276 3067 LXX
2310 2998 2459 3066 Intt.
2505 2991 2594 3064 ob
2632 3019 2853 3061 causas
2888 2993 3089 3086 longe

923 3107 1080 3180 alias
1124 3108 1468 3203 leguntur,
1544 3130 1921 3196 versantur,
1986 3131 2383 3194 tractantur,
2440 3135 2641 3205 quam
2693 3113 2764 3176 in
2818 3095 3088 3202 antiqua

922 3223 1205 3289 ecclesia
1270 3224 1572 3291 Graeca:
1641 3226 1837 3312 (nam
1899 3219 2361 3296 ecelesiasticis⁴
2422 3227 2648 3293 usibus
2719 3222 2900 3315 apud
2962 3248 3085 3291 nos

810 3410 815 3416 ,
917 3335 1116 3430 longe
1166 3334 1431 3431 lateque
1480 3342 1892 3432 prospicitur
1938 3340 2081 3409 aliis
2119 3342 2557 3420 Versionibus
2575 3388 2596 3419 ,
2646 3340 2919 3406 noviciis
2952 3338 3084 3407 illis

871 3501 876 3509 ,
920 3453 977 3519 si
1030 3450 1498 3543 comparentur
1548 3476 1701 3518 cum
1746 3454 1933 3521 LXX
1989 3457 2506 3550 Interpretibus3
2566 3456 2741 3520 inter
2785 3452 3085 3520 Philolo-

916 3590 1034 3658 gos
1084 3568 1219 3632 rari
1268 3585 1420 3634 sunt
1466 3567 2069 3661 Valkenaerii,
2146 3573 2263 3665 qui
2312 3597 2350 3638 a
2399 3569 2688 3637 classicis
2737 3569 3088 3661 scriptori-

912 3680 1042 3748 bus
1095 3684 1227 3750 suis
1282 3681 1673 3765 deflectant,
1741 3701 1816 3750 ut
1864 3681 2137 3780 Graecis
2186 3685 2733 3752 Hebraizantibus
2782 3683 3091 3776 aliquan·

913 3813 1056 3861 tum
1104 3795 1304 3864 studii
1372 3815 1438 3864 et
1487 3822 1732 3891 operae
1799 3799 2236 3894 impendant3
2308 3800 2639 3892 Theologi
2687 3823 2846 3868 vero
2893 3798 3082 3864 Lxx

911 3910 1224 3979 evolvunt
1280 3937 1359 3981 eo
1422 3913 1698 3981 consilio
1755 3914 1863 3982 vel
1915 3918 2110 3983 unice
2176 3915 2281 3983 vel
2330 3917 2783 4009 potissimum,
2850 3932 2923 3981 ut
2971 3930 3083 3979 aut

910 4025 1270 4108 emendent
1319 4048 1429 4096 aut
1468 4028 1800 4098 illustrent
1850 4037 2101 4098 textum
2142 4031 2546 4097 Hebraicum
2562 4078 2583 4111 ,
2629 4046 2739 4095 aut
2789 4024 3079 4093 studium
3138 4117 3147 4128 .

907 4135 1252 4233 utriusque
1311 4143 1581 4211 Codicis
1633 4143 1698 4213 S.
1762 4165 1897 4214 tam
1937 4146 2019 4212 N.
2066 4169 2266 4239 quam
2313 4146 2394 4213 V.
2445 4143 2527 4210 T.
2591 4141 2749 4209 inde
2818 4143 3079 4210 iuvent»

908 4274 1219 4351 augeant,
1273 4257 1587 4345 ornentz)
1638 4278 1869 4331 nostro
1918 4262 2117 4352 igitur
2166 4284 2323 4328 aevo
2376 4261 2448 4328 in
2499 4260 2750 4328 crimen
2799 4254 3079 4326 man-ife-
