3550 5167
921 549 928 556 ,
1010 472 1032 501 ²
1122 470 1283 560 Cap.
1334 466 1444 538 II.
1541 469 1652 536 Ps.
1707 463 1824 538 95.
2444 462 2537 578 63

887 662 1166 761 Impleta
1216 682 1369 733 sunt
1407 686 1578 759 quae
1627 662 1870 772 cecinit

883 780 1099 850 David
1149 778 1334 848 fideli
1384 780 1672 847 carmine

877 900 1128 966 Dicens
1175 897 1250 962 in
1295 893 1682 965 nationibus

877 1014 1196 1108 Regnavit
1243 1038 1282 1079 a
1332 1010 1515 1105 ligno
1569 1007 1760 1087 deus-

396 1137 538 1232 (mo
587 1132 921 1225 antiquior
983 1128 1116 1198 illis
1187 1128 1495 1198 omnibus
1513 1177 1536 1210 ,
1611 1123 2062 1196 Tertullianus
2130 1123 2281 1201 adv.
2330 1129 2546 1199 Marc.

395 1253 547 1320 Lib.
596 1247 717 1316 ΙΙΙ.
772 1248 940 1341 Cap.
1001 1246 1112 1317 19.
1176 1242 1324 1319 adv.
1373 1240 1654 1310 Iudaeos
1705 1241 1874 1336 Cap.
1930 1247 2018 1314 10
2069 1261 2137 1312 et
2191 1246 2281 1314 13
2326 1243 2548 1314 domi-

397 1389 562 1435 num
601 1367 798 1433 iactat
845 1385 893 1428 a
942 1360 1134 1453 ligno
1185 1376 1624 1452 regnantem.
1720 1359 1828 1425 De
1876 1357 2124 1428 Iustino
2171 1385 2351 1429 mox.

591 1478 915 1576 Iosephus
960 1477 1365 1546 Blanchinus
1434 1476 1506 1542 in
1577 1472 1681 1540 his
1746 1474 1916 1542 mira
1974 1474 2339 1569 cupiditate
2392 1478 2547 1572 egit.

395 1597 693 1664 Primum
743 1595 921 1661 enim
967 1590 1310 1663 contendit
1328 1641 1348 1672 ,
1397 1594 1474 1657 in
1527 1586 1802 1659 Graeco
1855 1589 2108 1659 Codice
2154 1615 2276 1661 suo
2330 1596 2407 1666 V
2395 1617 2549 1661 ero-

404 1716 610 1782 nem-i
654 1727 862 1778 extra
896 1731 1165 1775 omnem
1214 1709 1751 1775 controversiam
1799 1705 2107 1775 exhiberi
2137 1733 2382 1802 puram
2421 1734 2552 1805 pu-

396 1845 541 1896 tam
588 1826 792 1896 LXX
835 1822 1361 1892 translationem
1379 1871 1409 1900 ,
1486 1846 1632 1890 non
1688 1821 2144 1918 hexaplarem.
2266 1826 2552 1894 Contra-

393 1946 573 2013 rium
616 1944 750 2012 iam
798 1966 836 2009 e
880 1940 1357 2034 speciminibus
1406 1964 1611 2035 supra
1657 1936 1828 2007 datis
1874 1958 2090 2034 patet,
2141 1959 2210 2009 et
2252 1941 2554 2036 peculia-

393 2059 561 2129 riter
624 2060 823 2130 etiam
886 2054 1047 2123 inde
1113 2054 1478 2150 colligitur:
1542 2054 1729 2150 quod
1775 2054 2020 2125 Psalmi
2065 2035 2410 2140 nonnulli,
2479 2076 2556 2127 ut

395 2174 519 2248 32.
559 2170 677 2244 42.
725 2168 841 2242 43.
911 2174 986 2242 in
1044 2170 1387 2240 titulorum
1442 2171 1662 2241 verbis
1724 2173 1977 2242 habent
2046 2145 2554 2267 anepigrap'st

329 2342 334 2347 .
387 2313 523 2381 par
570 2287 878 2381 Ebrqys,
965 2287 1091 2376 (sic
1153 2312 1496 2382 nunquam
1550 2305 1617 2356 et
1675 2314 2004 2383 nusquam
2050 2308 2263 2358 textus
2306 2287 2550 2374 Vatic.)

397 2428 572 2498 quae
621 2422 723 2473 est
767 2423 925 2473 nota
963 2403 1307 2472 manifesta
1355 2406 1719 2498 comparati
1752 2424 1964 2474 textus
1985 2405 2197 2472 Hebr.
2247 2423 2314 2473 et
2348 2405 2552 2472 hexa-

388 2517 597 2612 plaris
638 2517 907 2587 indolis.
1004 2518 1271 2586 Deinde
1321 2544 1587 2609 omnem
1632 2520 1932 2620 lapidem
1966 2520 2367 2588 Blanchinus
2405 2543 2554 2588 mo-

393 2651 523 2715 vet,
572 2650 648 2701 ut
676 2633 953 2714 evincat,
1002 2654 1133 2724 apo
1174 2630 1406 2722 xyla'
1385 2659 1454 2700 m
1483 2632 1754 2702 Graecis
1801 2610 2288 2728 exemplaribus
2333 2658 2554 2728 quon-

393 2746 549 2814 dam
599 2748 958 2816 obtinuisse
983 2798 1004 2830 ,
1076 2764 1145 2815 et
1189 2748 1262 2813 in
1307 2747 1642 2817 Hebraico
1692 2773 1963 2843 quoque
2013 2766 2196 2816 textu
2242 2749 2555 2842 primitus

393 2863 715 2932 exstitisse
763 2855 861 2953 1”),
935 2860 1057 2931 sed
1125 2880 1353 2931 exorta
1416 2865 1524 2932 vix
1574 2864 1827 2933 Christi
1875 2862 2155 2932 ecclesia
2198 2889 2237 2931 a
2287 2860 2589 2929 Iudaeis-

391 2977 466 3045 in
509 2979 725 3047 crucis
776 2976 1009 3045 odium
1057 2977 1315 3046 sublata
1374 2977 1577 3047 fuisse
1636 2997 1834 3073 atque
1885 2981 2149 3061 abrasa,
2221 2996 2386 3045 teste
2436 2977 2553 3044 Iu-

392 3094 565 3162 stino
596 3094 932 3187 Martyre5
982 3094 1346 3188 Origenem
1384 3118 1541 3162 vero
1587 3119 1796 3189 quum
1822 3096 1895 3163 in
1917 3095 2298 3162 Hebraeum
2325 3116 2550 3159 exem-

388 3204 543 3300 plar
605 3208 981 3292 incidisset,
1059 3210 1133 3276 in
1183 3232 1322 3304 quo
1382 3231 1462 3276 ea
1524 3207 1726 3279 lectio
1787 3209 2311 3291 desideraretur,
2357 3207 2547 3276 LXX

298 3399 302 3410 ,
386 3322 786 3391 versionem
832 3321 920 3390 ad
956 3324 1164 3418 ipsius
1212 3321 1421 3391 fidem
1465 3324 1684 3391 minus
1730 3323 2106 3420 prudenter
2143 3324 2547 3406 restituisse,

387 3453 588 3530 atque
641 3438 715 3504 in
762 3437 956 3506 huius
1024 3440 1415 3533 sententiam
1466 3439 1896 3533 postmodum
1946 3439 2015 3509 S.
2063 3440 2546 3535 Hieronymum

386 3547 851 3635 descendisse,
924 3552 1045 3647 qui
1111 3575 1257 3621 eam
1326 3552 1685 3623 lectionem
1749 3553 2160 3650 postliminio
2230 3542 2545 3623 revocare

455 3831 513 3906 ¹⁸)
563 3832 628 3884 In
676 3833 937 3887 Psalterio
987 3833 1211 3905 octuplo
1268 3833 1331 3891 A.
1390 3834 1680 3888 Iustiniani
1735 3835 1881 3890 nihil
1933 3833 1994 3889 in
2037 3841 2194 3892 textu
2246 3834 2317 3893 de
2365 3838 2538 3913 ligno.

590 3920 855 3988 Apposita
894 3928 980 3974 est
1011 3919 1151 3976 haec
1184 3920 1378 3975 Glossa
1399 3962 1417 3979 .
1472 3919 1632 3989 Quod
1660 3923 1872 3993 legitur
1900 3924 1965 3978 in
1999 3924 2252 3980 Romana
2284 3926 2538 3982 Psalmo-

586 4003 687 4059 Δία
726 4008 1063 4077 regnavit
1102 4026 1140 4061 a
1179 4007 1393 4079 ligno
1431 4005 1655 4073 deus,
1694 4027 1812 4063 non
1850 4021 1931 4063 est
1963 4009 2033 4068 de
2068 4012 2350 4068 HeBrat‘ca
2379 4015 2539 4069 veri·

587 4103 741 4154 tate,
776 4089 877 4145 sed
910 4089 1223 4146 christiana
1254 4091 1543 4148 devotione
1576 4107 1656 4148 at
1679 4096 1929 4152 arbitror
1967 4095 2214 4152 additum
2248 4111 2352 4153 etc.
2420 4099 2535 4162 Ita.

587 4186 888 4247 praeeunte
922 4178 1100 4232 Fabro
1136 4180 1483 4250 stapulensi,
1515 4181 1613 4236 alii
1651 4198 1874 4257 quoque
1909 4184 2012 4241 viri
2050 4186 2308 4241 eeclesiae
2341 4187 2534 4242 Roma·

593 4279 710 4319 no-
729 4264 939 4321 Cathol.
976 4266 1302 4323 iudicarunt.
