3550 5167
1057 518 1221 611 cap.
1275 515 1380 584 η.
1440 517 1551 609 sp.
1659 515 1773 585 Ρ».
1828 515 1937 587 13.
2475 519 2563 598 35

424 718 646 813 perias
697 716 890 786 allata
922 767 941 800 ,
1008 715 1247 809 quibus
1306 714 1553 782 addere
1602 714 1827 809 placet
1887 713 2365 784 confessionem
2412 716 2573 783 Hie-

423 836 684 928 ronymi
730 831 940 900 Praef.
989 831 1153 897 Libr
1184 830 1347 900 XVI
1380 830 1748 898 Comment.
1801 832 1873 897 in
1901 832 2172 899 Iesaiam
2223 831 2307 897 ad
2332 833 2570 898 Eusto-

426 950 662 1016 chium·
766 944 1096 1015 Concedit
1143 945 1255 1012 ille
1324 948 1599 1027 invituS,
1673 970 1790 1013 suo
1842 971 1998 1015 aevo
2061 949 2447 1040 pericopam
2500 948 2572 1011 in

421 1064 645 1131 multis
694 1062 1057 1131 codicibus
1125 1060 1363 1143 fuisse,
1389 1114 1403 1127 s
1438 1085 1573 1127 non
1624 1062 1874 1128 Latinis
1928 1079 2217 1143 tantum,
2287 1060 2371 1130 de
2436 1083 2569 1152 quo

423 1202 622 1245 nemo
673 1176 975 1244 dubitare
1028 1175 1261 1258 debet,
1308 1175 1428 1242 sed
1478 1194 1543 1242 et
1571 1173 1864 1242 Graecis·
1946 1176 2327 1243 Audiamus·
2407 1176 2573 1241 Cum

426 1297 800 1359 anterioris
851 1291 1011 1359 libri
1051 1290 1677 1385 praefatiunculam
1729 1291 2033 1383 legeres,
2082 1293 2156 1357 in
2206 1315 2342 1383 qua
2389 1313 2573 1355 asse-

428 1413 579 1484 rui,
627 1403 994 1500 Apostolos
1073 1424 1143 1476 et
1206 1406 1688 1497 Evangelistas
1758 1431 1841 1472 ea
1918 1422 2185 1472 tantum
2243 1406 2329 1473 de
2378 1402 2581 1474 LXX

428 1522 953 1617 interpretibus,
1021 1524 1126 1589 vel
1181 1526 1319 1587 suis
1372 1521 1477 1588 vel
1520 1545 1750 1587 eorum
1802 1520 2018 1589 verbis
2073 1546 2331 1615 ponere
2384 1524 2574 1588 testi-

431 1644 705 1716 monia,
758 1662 931 1732 quae
963 1662 1111 1704 cum
1133 1635 1479 1706 Hebraico
1518 1654 2020 1716 consonarent5
2061 1642 2124 1704 si
2167 1661 2303 1728 qua
2349 1653 2576 1707 autem

426 1754 517 1820 ab
579 1735 1035 1821 aliis‘addita
1082 1767 1285 1828 sunt,
1351 1756 1629 1817 omnino
1691 1752 2094 1844 negligere:
2167 1753 2344 1819 illic‘o
2414 1743 2579 1819 mihi

430 1893 574 1935 non
630 1880 913 1962 parvam
987 1867 1568 1961 quaestiunculam
1647 1866 2004 1943 detulisti,
2078 1866 2262 1960 quod
2322 1868 2577 1934 scilicet
2636 1909 2644 1916 ·

430 2000 583 2051 octo
637 2008 866 2051 versus
916 1978 1063 2070 [int.
1116 1978 1245 2052 στί
1241 1978 1449 2075 χους]
1507 1988 1622 2077 qui
1668 1983 1992 2075 leguntur
2039 1987 2114 2048 in
2162 1982 2458 2048 ecclesiis
2509 1998 2577 2048 et

430 2106 506 2167 in
554 2071 897 2168 Hebraico
950 2083 1106 2165 non·
1140 2097 1513 2173 habentur,
1564 2103 1757 2164 tertii
1802 2098 2048 2165 decimi
2094 2099 2354 2166 Psalmi
2391 2094 2581 2189 Apo-

428 2215 640 2282 stolus
693 2220 1080 2309 usurpavit,
1130 2212 1434 2280 scribens
1483 2213 1578 2278 ad
1624 2212 1970 2280 Romanos
2021 2213 2412 2306 Sepulcrum
2453 2237 2579 2306 pa·-

432 2347 585 2397 tens
634 2380 650 2396 .
705 2380 719 2395 .
772 2379 788 2395 .
898 2328 1102 2421 Quod
1164 2354 1311 2396 cum
1372 2329 1743 2412 audissem,
1820 2334 2016 2420 quasi
2078 2354 2124 2395 a
2184 2333 2579 2415 fortissimo

425 2446 658 2537 pugile
703 2470 1059 2536 percussus
1108 2470 1354 2527 essem,
1416 2451 1607 2537 coepi
1653 2451 1904 2511 tacitus
1957 2463 2272 2511 aestuare
2321 2461 2388 2509 et
2439 2460 2583 2510 stu-

427 2583 663 2649 porem
691 2563 953 2623 .mentis
1000 2557 1214 2624 vultus
1257 2559 1520 2649 pallore
1569 2564 1863 2649 signare:
1903 2610 1918 2625 .
1969 2609 1984 2625 .
2036 2607 2052 2626 .
2153 2558 2459 2625 Tandem
2510 2563 2585 2624 in

435 2690 675 2756 memet
727 2696 1033 2740 reversus-
1085 2721 1099 2737 .
1151 2720 1167 2737 .
1222 2722 1235 2737 .
1288 2696 1553 2738 omnem
1595 2673 2018 2765 Scripturam
2081 2690 2305 2739 mente
2357 2674 2585 2764 perlu-

434 2803 668 2855 strans
717 2787 1224 2865 animadverti,
1291 2792 1464 2854 sicut
1529 2793 1746 2855 omnis
1803 2813 2025 2880 paene
2090 2788 2188 2853 ad
2240 2788 2587 2855 Romanos

439 2903 726 2996 epistola
774 2902 861 2969 de
912 2905 1152 2975 Veteri
1193 2920 1457 2970 structa
1508 2920 1610 2970 est
1643 2906 2158 2985 Instrumenta,
2209 2907 2307 2968 sic
2350 2919 2419 2969 et
2461 2902 2589 2969 hoc

439 3021 895 3086 testimonium
941 3018 1027 3085 de
1062 3018 1351 3086 Psalmis
1398 3034 1466 3085 et
1508 3021 1705 3087 Isaia
1746 3043 1890 3085 esse
1937 3034 2362 3085 contextum:
2432 3042 2591 3083 nam

441 3133 575 3200 duo
633 3139 839 3227 primi
928 3158 1154 3202 versus
1225 3134 1616 3226 Sepulcrum
1676 3182 1693 3200 .
1762 3186 1777 3200 .
1857 3137 2145 3226 Linguis
2207 3184 2223 3199 .
2284 3181 2304 3197 .
2373 3134 2597 3227 quinti

443 3249 701 3318 Psalmi
747 3267 959 3316 sunt:
1027 3247 1207 3343 illud·
1240 3266 1466 3315 autem
1512 3249 1696 3343 quod
1751 3255 2056 3345 sequitur
2107 3251 2464 3321 Venenum
2516 3298 2530 3313 .
2579 3296 2593 3312 .

448 3364 828 3433 CXXXIX
873 3365 1132 3433 Psalmi
1177 3382 1294 3431 est.
1396 3366 1814 3459 Rursumque
1882 3363 2066 3459 quod
2112 3364 2362 3432 dicitur
2413 3364 2598 3453 Quo-

447 3503 596 3546 rum
644 3503 721 3545 os
774 3529 789 3545 .
839 3531 859 3562 ‚
911 3479 996 3545 de
1047 3504 1230 3547 nono
1262 3482 1538 3548 Psalmo
1581 3498 1914 3574 sumptum
1961 3495 2081 3547 est.
2153 3481 2323 3548 Tres
2372 3495 2600 3541 autem

452 3594 759 3660 versiculi
821 3589 950 3682 [al.
1005 3593 1410 3684 versiculos]
1494 3600 1610 3687 qui
1675 3612 2093 3689 sequuntur,
2182 3596 2261 3663 V
2249 3593 2464 3658 eloces
2513 3641 2528 3656 .
2583 3640 2597 3656 .

453 3707 796 3777 Contritio
849 3760 862 3776 .
914 3759 929 3775 .
1047 3712 1140 3777 Et
1210 3716 1383 3778 viam
1432 3759 1446 3775 .
1500 3760 1514 3774 .
1569 3713 1642 3775 in
1703 3712 1898 3778 Isaia
1961 3696 2296 3803 propheta
2360 3710 2598 3800 reperi.

458 3823 741 3891 Ultimus
789 3841 1016 3891 autem
1066 3849 1290 3892 versus
1319 3875 1345 3901 ,
1413 3824 1487 3890 id
1529 3842 1631 3890 est
1675 3840 1990 3904 octavus,
2038 3825 2202 3892 Non
2249 3839 2348 3889 est
2402 3826 2606 3888 timor

452 3938 567 4006 dei
613 3986 628 4003 .
683 3990 699 4006 .
746 3944 826 4006 in
874 3939 1159 4010 XXXV
1209 3940 1468 4007 Psalmi
1521 3944 1857 4031 principio
1928 3954 2047 4005 est.
2146 3938 2291 4005 Nec
2352 3940 2421 4002 in
2477 3936 2604 4002 hoc

457 4058 763 4148 cuiquam
810 4054 1118 4122 videatur
1166 4080 1311 4121 esse
1360 4055 1740 4130 diversum,
1800 4058 1863 4119 si
1910 4052 2094 4147 quod
2137 4057 2209 4117 in
2260 4055 2397 4117 suis
2441 4052 2604 4116 locis

460 4191 734 4236 numero
786 4157 1046 4238 dicitur*
1085 4170 1466 4262 singulari,
1517 4170 1603 4235 ab
1633 4149 1964 4261 Aposto'lo
2013 4167 2371 4259 pluraliter
2417 4165 2607 4230 clica-

463 4298 611 4360 tur,
674 4291 790 4377 qui
849 4284 1182 4354 scribebat
1253 4285 1355 4351 ad·
1404 4287 1767 4378 plurimos,
1834 4301 1900 4350 et
1956 4289 2027 4349 in
2090 4307 2292 4350 unum
2340 4303 2609 4347 sensum

2686 575 2717 586 s
