3550 5167
1007 533 1097 600 18
1762 522 1940 590 Gen.
1987 524 2055 597 I,
2117 516 2234 607 14.
2284 518 2406 605 24.

1194 717 1271 815 2)
1320 718 1444 790 καὶ
1486 713 1816 817 ἄρχειν
1856 718 1982 797 τῆς
2029 713 2298 810 ἡμέρας
2340 709 2465 780 καὶ
2513 714 2638 794 τῆς
2686 713 2975 799 νυκτός,

1189 835 1264 931 3)
1312 833 1437 904 καὶ
1485 826 2076 928 διαχωρίζειν
2123 825 2270 899 ἀνὰ
2317 825 2544 918 μέσον
2592 832 2729 895 τοῦ
2778 824 3020 925 φωτὸς

1580 945 1706 1016 καὶ
1757 945 1902 1017 ἀνὰ
1950 944 2178 1037 μέσον
2225 944 2365 1037 τοῦ
2416 939 2726 1024 σκότους
2744 964 2760 981 ·

1193 1064 1264 1161 1)
1314 1086 1389 1136 ut
1437 1070 1708 1135 luceant
1747 1087 1952 1156 super
1999 1078 2298 1137 terram,

1189 1185 1263 1277 2)
1313 1202 1383 1253 et
1407 1183 1498 1251 'ut
1537 1187 1680 1249 sint
1730 1184 1808 1245 in
1849 1177 2354 1273 inchoationem
2401 1174 2544 1243 diei
2580 1193 2651 1242 et
2694 1180 2957 1251 noctis,

1190 1298 1267 1387 3)
1311 1317 1382 1367 et
1423 1314 1499 1365 ut
1547 1294 1862 1363 dividant
1906 1298 2091 1359 inter·
2130 1292 2342 1359 lucem
2388 1308 2459 1358 et
2507 1290 2845 1358 tenebras.

989 1407 1131 1483 Iam
1158 1416 1515 1508 quaeritur,
1552 1437 1635 1476 an
1661 1435 1740 1476 ex
1762 1409 1867 1475 his
1894 1433 2017 1477 vs3.
2053 1412 2160 1476 17.
2187 1410 2275 1478 18
2297 1409 2551 1476 restitui
2581 1409 2791 1500 possit
2810 1432 2887 1475 ac
2912 1405 3154 1474 debeat

991 1529 1158 1597 ordo
1186 1529 1655 1596 sententiarum
1682 1542 1748 1592 et
1781 1548 2020 1592 vocum
2044 1524 2115 1589 in
2144 1522 2577 1616 praecedenti
2602 1521 2871 1590 decreto
2906 1521 3149 1601 divino,

988 1669 1113 1711 vsa.
1165 1639 1273 1711 14.
1321 1645 1433 1724 15,
1478 1640 1753 1707 mirifice
1800 1640 2096 1706 turbatus
2149 1656 2215 1705 et
2247 1665 2284 1705 a
2319 1638 2582 1705 Criticis
2618 1639 2903 1731 antiquis
2952 1638 3151 1703 Chri-

990 1759 1348 1825 stianorum
1390 1755 1578 1822 aliter
1614 1772 1811 1847 atque
1850 1752 2039 1820 aliter
2075 1771 2394 1834 tentatus,
2437 1772 2726 1820 versatus
2748 1805 2768 1836 ,
2817 1770 3150 1831 tractatus,

986 1871 1301 1939 refictus?
1332 1868 1393 1954 *)
1445 1870 1545 1934 Ex
1569 1892 1752 1935 mera
1794 1870 2171 1935 coniectura
2193 1867 2269 1933 id
2292 1867 2508 1934 facere
2539 1867 2719 1934 nefas
2754 1866 3149 1935 censebitur.

985 1989 1075 2055 At
1101 1989 1265 2053 mihi
1302 1982 1799 2079 propemodum
1843 1983 2095 2075 optanti
2131 1984 2421 2049 occurrit
2453 1985 2918 2066 testimonium,
2964 1980 3151 2073 quod

987 2105 1181 2169 etiam
1220 2102 1439 2169 invitis
1492 2118 1558 2166 et
1597 2098 2057 2164 recusantibus
2109 2115 2432 2165 occurret.
2530 2098 2748 2165 Habet
2790 2124 2961 2167 unus
3003 2096 3153 2166 MS.-

985 2218 1278 2284 Graecus
1327 2241 1418 2282 VS.
1477 2208 1583 2282 14.
1643 2212 1750 2280 15.
1804 2209 2070 2280 casdem
2121 2215 2475 2281 sententias
2523 2237 2601 2280 ac
2647 2237 2843 2282 voces
2909 2213 3151 2282 eodem

985 2332 1256 2412 ordine,
1310 2332 1427 2423 qui
1475 2354 1557 2395 ex
1608 2328 1986 2394 coniectura
2024 2328 2393 2420 probabilis
2440 2347 2539 2395 est
2581 2305 2988 2397 collatis-vsa
3033 2334 3142 2401 17.

990 2449 1103 2527 18,
1154 2465 1220 2513 et
1270 2448 1407 2511 eius
1457 2444 1804 2510 auctoritas
1854 2442 2019 2507 mihi
2079 2445 2347 2511 omnino
2392 2443 2662 2525 sufficit,
2720 2462 2795 2511 ut
2841 2446 2946 2511 ita>
2978 2443 3147 2510 scri-

979 2579 1173 2654 ptum
1223 2584 1364 2626 esse
1407 2557 1676 2624 credam
1713 2558 1794 2622 ab
1831 2558 1991 2650 ipsis
2017 2558 2243 2641 LXX,
2295 2560 2686 2651 praesertim
2723 2575 2934 2653 quum
2976 2559 3146 2626 anti-

983 2702 1112 2768 qua
1151 2675 1391 2743 Versio
1431 2674 1662 2739 Latina
1707 2697 2013 2765 magnam
2054 2691 2328 2766 partem.
2365 2673 2787 2766 suffragetur,
2854 2672 3146 2767 aliquam

979 2807 1239 2882 partem
1289 2790 1481 2854 etiam
1531 2805 1740 2853 textus
1775 2786 2219 2855 Samaritanus
2246 2779 2358 2877 **).
2414 2787 2732 2854 Codicem
2764 2787 2917 2857 dico
2954 2791 3147 2857 Oxo-

984 2910 1333 2979 niensem,
1405 2903 1535 2970 hoc
1596 2904 1742 2994 ipso
1813 2904 2083 2969 nomine
2136 2904 2463 2995 signatum
2512 2930 2549 2970 a
2590 2903 2957 2971 Lamberto
3004 2906 3145 2972 Bos
3223 2983 3232 2993 Ι

979 3038 1049 3086 ct
1097 3019 1588 3113 superioribus,
1640 3018 1949 3083 Patricio
2000 3016 2255 3108 Iunio,
2304 3020 2571 3086 Briano
2619 3020 2947 3089 Waltono
2985 3037 3144 3099 etc„

981 3154 1047 3203 at
1112 3136 1183 3200 in
1253 3158 1458 3227 opere
1508 3132 1933 3200 Holmesiano
1989 3134 2114 3214 75,
2183 3158 2385 3225 quem
2446 3133 2851 3227 Anglicanus
2905 3131 3146 3202 Editor

978 3252 1155 3315 inter
1233 3249 1518 3317 Codices
1591 3252 1955 3339 praecipue
2036 3248 2383 3314 notandos
2461 3248 2730 3328 retulit,
2806 3243 3143 3341 quemque

980 3388 1139 3457 ego,
1186 3363 1490 3433 nondum
1517 3363 1654 3430 viso
1694 3386 1899 3454 opere
1928 3361 2352 3431 Holmesiano
2371 3414 2393 3447 ,
2434 3364 2816 3457 principem
2846 3367 3143 3432 omnium

1161 3533 1351 3541 ——ss
1360 3530 1444 3538 a———u

1028 3616 1081 3677 ⁹)
1115 3611 1328 3665 Phrasis
1362 3613 1462 3671 εἰς
1490 3613 1634 3684 φαῦ
1652 3627 1771 3670 σιν
1805 3612 2118 3681 Symmacho
2152 3615 2337 3684 potius
2372 3593 2654 3682 convenit,
2690 3631 2852 3688 quam
2890 3616 3029 3671 Lxx
3053 3618 3143 3670 In-

1124 3697 1471 3769 terpretibus.
1724 3695 1729 3698 ’

1011 3788 1088 3857 ”J
1129 3788 1191 3838 In
1227 3786 1457 3867 transitu
1506 3785 1596 3837 hic
1635 3785 1903 3840 videbunt
1933 3787 2197 3852 lectores,
2241 3790 2403 3859 quale
2433 3791 2566 3843 mihi
2599 3790 2849 3844 videatur
2886 3791 3144 3844 iudicium

1114 3878 1200 3932 Jo.
1233 3876 1403 3926 Henr.
1439 3874 1756 3946 Hom'ngen'
1790 3876 2097 3927 Exercitatt.
2137 3877 2456 3929 Antimorin.
2493 3896 2549 3948 p.
2583 3879 2649 3948 45
2687 3897 2834 3951 sqq„
2864 3880 3144 3935 Hebraeo-

1118 3976 1240 4014 rum
1273 3960 1699 4014 Pentateuchum
1755 3974 1811 4015 et
1844 3964 2182 4037 antiquitate
2216 3977 2271 4018 et
2304 3966 2549 4035 puritate
2583 3968 2770 4022 multis
2802 3966 3145 4038 parasangis

1118 4046 1532 4101 samaritanum
1574 4060 1700 4118 poet
1739 4065 1798 4101 ee
1847 4050 2162 4123 relinquere
2205 4039 2379 4122 eoque
2429 4069 2542 4107 esse
2577 4052 3005 4109 eminentiorem.
3077 4050 3144 4100 Id

1120 4130 1167 4179 si
1209 4130 1404 4182 lubens
1438 4135 1790 4186 concesserim
1831 4133 1898 4185 de
1936 4136 2246 4187 Lectionum
2276 4136 2724 4190 Samaritanamm
2759 4153 2867 4188 una
2892 4144 2949 4188 et
2971 4135 3144 4189 altera

1118 4215 1319 4278 classe,
1364 4226 1544 4271 tamen
1590 4219 1659 4271 dc
1708 4233 1835 4273 octo
1876 4222 1995 4274 illis
2047 4222 2341 4286 classibus,
2390 4240 2522 4293 quas
2556 4225 2691 4277 fecit
2728 4224 3019 4288 Gesenius,
3070 4221 3146 4275 ad

1122 4319 1288 4354 unam
1319 4305 1570 4360 omnibus
1596 4305 1750 4359 nullo
1783 4312 1943 4376 pacto
1977 4307 2271 4361 concedere
2302 4325 2535 4378 possum.
