3550 5167
1055 494 1217 581 Cap.
1270 491 1379 557 II.
1428 481 1540 579 Sp.
1642 480 1755 562 Ps.
1808 495 1914 559 13.
2475 497 2564 563 37

418 693 568 786 get?
620 689 706 757 At
751 677 1009 757 obstant
1058 706 1154 754 tot
1203 713 1279 753 ac
1323 701 1455 755 tam
1501 690 1661 754 varii
1710 689 1969 781 generis
2033 667 2228 755 testes
2279 692 2565 783 optimae

424 825 651 888 notae,
716 826 1000 898 quorum
1055 804 1404 870 auctoritas
1454 827 1592 870 non
1650 820 1997 870 enervatur
2046 802 2299 870 levibus
2345 808 2570 872 conie-

422 922 654 988 cturis:
720 919 1099 986 coniectura
1152 919 1329 985 enim
1379 935 1509 999 est,
1557 917 1833 984 Paulum
1883 918 2060 985 varia
2106 919 2438 985 variorum
2488 918 2572 985 li·-

421 1035 699 1101 brorum
749 1030 923 1099 dicta
975 1034 1421 1100 contexuisse:
1475 1034 1854 1138 coniectura
1905 1052 2034 1113 est,
2086 1030 2172 1099 de
2217 1033 2298 1099 N.
2337 1036 2418 1099 T.
2462 1034 2575 1099 illa

422 1152 495 1215 in
550 1150 757 1215 Vetus
819 1145 1134 1214 traducta.
1240 1146 1326 1212 Et
1385 1147 1681 1212 centonis
1750 1146 2024 1238 quidem
2092 1149 2386 1239 speciem
2454 1149 2577 1215 ista

424 1263 745 1355 pericopa
813 1287 1032 1355 neque
1100 1259 1282 1354 apud
1347 1261 1623 1326 Paulum
1653 1312 1673 1342 ‚
1748 1286 1969 1353 neque
2029 1263 2101 1327 in
2159 1262 2289 1329 hoc
2338 1261 2581 1329 Psalmi

427 1377 576 1445 loco
641 1399 803 1469 prae
864 1401 936 1444 se
995 1375 1141 1443 fert.
1244 1373 1428 1442 Solet
1482 1374 1839 1467 Apostolus
1901 1377 2077 1442 varia
2143 1376 2321 1461 dicta
2366 1379 2447 1444 V.
2497 1380 2576 1442 T.

431 1492 742 1585 copulare
806 1494 1166 1584 praemissa
1235 1489 1516 1557 formula
1583 1484 1707 1556 καὶ
1770 1487 1991 1557 πάλιν
2056 1486 2241 1582 λέγει
2304 1512 2412 1559 aut
2459 1490 2585 1559 alia

434 1606 791 1689 simillima,
841 1608 1032 1678 Rom.
1077 1608 1198 1685 15,
1256 1608 1380 1673 10.
1425 1610 1530 1671 11.
1590 1608 1697 1673 12.
1775 1604 1806 1669 I
1858 1606 2012 1671 Cor.
2051 1607 2137 1688 3,
2191 1610 2303 1678 20.
2406 1607 2587 1674 Con-

435 1721 731 1790 cedimus
781 1746 975 1803 sane,
1008 1737 1074 1787 'a
1122 1719 1407 1786 librariis
1457 1742 1650 1786 voces
1694 1709 2101 1814 phresesque
2147 1746 2227 1787 ex
2263 1722 2342 1786 N.
2387 1724 2467 1787 T.
2518 1723 2589 1787 in

432 1839 642 1907 Vetus
692 1836 868 1903 male
919 1834 1249 1904 traductas
1315 1834 1549 1915 fuisse,
1617 1834 1736 1900 sed
1785 1835 1951 1915 hoc,
2016 1836 2230 1902 sicubi
2273 1836 2382 1916 fit,
2443 1835 2593 1928 ple-

432 1976 723 2045 rumque
778 1950 1085 2020 adiuncta
1137 1950 1339 2018 habet
1397 1947 1832 2016 traductionis
1893 1947 2140 2016 indicia
2184 1951 2334 2017 satis
2384 1951 2595 2015 mani-
2685 1983 2689 1989 ·

435 2064 635 2132 festa:
679 2091 831 2132 nam
877 2090 1026 2133 raro
1077 2066 1193 2146 fit,
1243 2065 1313 2130 in
1363 2087 1496 2131 uno
1549 2062 1834 2131 alterove
1880 2063 2134 2131 Codice
2183 2065 2293 2146 fi't,
2341 2066 2414 2130 in
2455 2089 2589 2131 uno

440 2178 727 2249 alterove
793 2180 1114 2248 vocabulo
1184 2179 1259 2246 fit
1333 2197 1441 2245 aut
1506 2181 1576 2244 in
1658 2180 2075 2249 brevioribus
2148 2177 2594 2245 locutionibus

440 2313 551 2362 aut
612 2320 762 2363 cum
828 2294 1047 2387 aliqua
1129 2293 1383 2361 ordinis
1467 2294 2009 2387 perturbatione3
2083 2312 2235 2364 octo
2316 2287 2597 2385 στίχων

436 2413 829 2479 transvectio
882 2427 980 2476 est
1014 2409 1391 2503 exemplum
1430 2413 1571 2476 sine
1619 2408 1944 2502 exemplo.
1994 2403 2002 2416 ⁵
2038 2410 2177 2476 Imo
2231 2428 2382 2476 sunt
2415 2407 2597 2475 haud

440 2547 651 2615 pauca
697 2523 881 2603 loca,
946 2527 1017 2589 in
1082 2521 1354 2615 quibus
1392 2517 1714 2591 eiu'smodi
1781 2525 2126 2591 occasione
2191 2521 2445 2616 aliquid
2494 2522 2596 2591 vel

444 2661 525 2702 ex
564 2637 645 2702 N.
690 2640 770 2702 T.
821 2636 925 2704 vel
977 2661 1058 2702 ex
1115 2636 1256 2702 aliis
1302 2637 1492 2702 libris
1541 2639 1623 2704 V.
1668 2640 1749 2702 T.
1804 2638 2198 2730 supplendi,
2261 2636 2599 2717 mutandi,

447 2749 871 2840 corrigendi,
941 2749 1287 2817 omittendi
1335 2750 1494 2848 licet
1541 2771 2046 2844 peropportune
2097 2751 2314 2818 oblata
2366 2754 2472 2819 vix
2522 2775 2598 2817 ac

445 2890 532 2932 ne
582 2866 687 2931 vix
739 2864 1013 2957 quidem
1079 2889 1282 2930 unum
1343 2884 1408 2932 et
1471 2864 1749 2931 alterum
1804 2865 2150 2932 librarium
2196 2867 2292 2933 uti
2341 2863 2599 2946 videas5

447 2978 667 3073 qualia
708 2978 1228 3047 animadvertere
1278 2996 1377 3046 est
1416 2981 1521 3048 Ps.
1565 2982 1690 3060 21,
1750 2959 1919 3049 1.'8.
1986 2979 2115 3061 32,
2163 2984 2275 3048 11.
2350 2979 2442 3046 33
2497 2980 2598 3045 tit.

448 3094 581 3173 39,
631 3091 812 3162 6..7.
904 3091 1033 3174 40,
1084 3093 1150 3163 9.
1241 3092 1377 3174 68,
1427 3095 1543 3163 25.
1644 3097 1773 3175 77,
1819 3098 1885 3166 2.
1968 3092 2098 3175 90,
2156 3100 2262 3163 11.
2382 3095 2600 3176 ῥυείη

446 3205 629 3278 haud
669 3207 1065 3274 incredibile
1119 3226 1236 3288 est,
1294 3233 1553 3274 causam
1595 3210 1965 3276 omissionis
2014 3207 2193 3281 illius
2241 3210 2601 3303 pericopae

448 3322 521 3386 in
563 3338 660 3387 tot
716 3325 1117 3390 membranis
1180 3322 1451 3390 Graecis
1500 3323 1606 3391 vel
1650 3325 1731 3390 ab
1777 3325 2168 3418 Hieronymi
2217 3324 2599 3390 auctoritate

450 3435 886 3527 repetendam
937 3462 1097 3519 esse,
1148 3436 1251 3505 vel
1303 3457 1480 3505 certe
1519 3439 1599 3504 ‘in
1647 3440 2027 3506 universum
2070 3466 2107 3506 a
2157 3437 2389 3506 studiis
2442 3460 2603 3503 con-

453 3548 784 3616 formandi
851 3570 1062 3638 textus
1127 3552 1367 3619 Graeci
1431 3571 1628 3644 atque
1681 3554 1995 3620 Hebraici
2023 3604 2044 3635 ,
2115 3578 2284 3647 quae
2359 3569 2606 3618 tantam

454 3666 724 3731 omnino
755 3667 887 3733 vim
926 3666 1319 3745 habuerunt,
1366 3685 1438 3732 ut
1461 3664 1760 3732 Psalterii
1789 3666 2029 3733 Graeci
2062 3666 2346 3734 Codices
2372 3662 2565 3731 MSS.
2584 3709 2605 3746 ,

454 3802 739 3871 quorum
788 3776 1017 3845 notitia
1060 3799 1334 3846 aetatem
1383 3777 1567 3859 tulit,
1622 3778 1708 3844 ad
1755 3761 2263 3861 unum⁸onmeS‚
2313 3777 2422 3848 alii
2464 3802 2604 3842 ma·-

455 3896 552 3988 gis
615 3893 725 3959 alii
799 3897 1013 3961 minus
1047 3945 1065 3974 ,
1139 3893 1368 3961 insecti
1444 3896 1574 3960 sint
1640 3913 1772 3961 tam
1857 3895 2341 3962 accessionibus
2406 3916 2603 3984 quam

457 4010 919 4076 omissionibus
973 4008 1131 4075 inde
1181 4009 1271 4074 ab·
1310 4008 1712 4101 origeniano
1779 4033 1937 4077 aevo
1998 4007 2357 4077 multorum
2421 4029 2604 4074 com-

461 4125 753 4215 probatis
806 4147 1146 4192 consensu.

653 4240 741 4305 At
805 4241 1104 4331 ipsorum
1153 4238 1336 4305 LXX
1388 4238 1834 4330 Interpretum
1884 4236 2044 4317 fuit,
2111 4234 2290 4304 illam
2340 4237 2605 4328 perico-
