3550 5167
1021 511 1116 585 59.
1661 511 1824 605 cap.
1875 508 1981 583 11.
2081 510 2193 581 P...
2238 512 2356 585 58.
2405 511 2524 585 69.

1018 698 1406 779 ἐλθάτω.
1456 724 1596 773 non
1642 701 1958 789 ἐλθέτω,
1998 723 2538 801 repraesentent,
2585 701 2813 799 (etiam
2853 712 3000 805 ipse
3037 711 3173 783 Va·-

1007 824 1275 890 -ticanus
1326 843 1727 917 quamquam
1788 844 1930 888 non
1979 814 2384 910 constanter)
2447 821 2582 890 hoc
2627 821 2779 892 loco
2821 824 3025 894 iidem
3061 827 3175 898 illi

1020 933 1298 1005 ἐλθέτω
1361 937 1714 1005 exhibeant
1773 936 2097 1031 (exceptis
2169 934 2430 1004 duobus
2482 938 2574 1009 27
2621 956 2687 1005 et
2735 940 2829 1007 55
2878 938 3175 1031 ἐλὲατω

1011 1044 1159 1139 δη),
1207 1051 1331 1121 sed
1377 1053 1644 1121 maioris
1693 1051 2015 1146 ponderis
2065 1070 2186 1134 est,
2239 1050 2427 1146 qnod
2475 1073 2644 1120 unus
2695 1077 2776 1120 ex
2825 1057 3006 1123 omni
3052 1083 3173 1126 an-

1016 1170 1317 1263 tiquitate
1367 1169 1547 1237 testis
1570 1217 1590 1247 ,
1631 1166 2029 1234 Psalterium
2077 1166 2616 1250 SGermanense,
2680 1168 2885 1238 habet
2927 1172 3172 1241 Posuit

1018 1296 1322 1367 monem.
1417 1285 1611 1351 ‘Hanc
1659 1280 2017 1382 lectionem
2063 1305 2184 1376 ego
2227 1282 2570 1376 praeferre
2613 1282 2790 1353 malo
2838 1270 3197 1381 receptae(

1022 1425 1224 1495 quam
1297 1398 1772 1498 aequiparare,
1835 1421 1991 1464 nam
2023 1386 2342 1464 ’Έὲετο
2389 1393 2795 1467 θάνατον
2864 1403 3172 1494 proxime

1016 1517 1204 1584 abest
1234 1540 1271 1581 a
1318 1532 1499 1581 textu
1537 1513 1744 1579 Hebr.
1798 1536 1998 1604 quem
2024 1512 2213 1579 LXX
2265 1534 2390 1614 01⁷³,
2431 1529 2587 1614 ”³³5³ss
2627 1517 3191 1606 pronuntiabant,

1013 1628 1286 1701 rectene
1337 1655 1420 1698 an
1463 1651 1651 1695 secus
1699 1649 1882 1693 nunc
1928 1648 2068 1694 non
2117 1604 2384 1719 quaero.
2481 1627 2810 1695 Particula
2860 1655 3016 1699 vero
3066 1620 3168 1709 δὴ

1016 1773 1053 1815 a
1104 1746 1272 1842 Syro
1336 1767 1646 1838 expressa
1710 1759 1779 1808 et
1833 1741 1906 1806 in
1971 1757 2071 1808 tot
2116 1740 2312 1809 MSS.
2363 1739 2635 1810 Graecis
2683 1744 2980 1826 inventa,
3031 1747 3169 1813 He-

1007 1863 1275 1931 braicae
1334 1884 1405 1935 m
1461 1854 1912 1950 respondem,
1961 1852 2229 1922 libidini
2280 1854 2565 1924 debetur
2612 1876 2909 1926 veterum
2960 1852 3175 1955 3209-

1009 1975 1295 2058 ἓωτῶν,
1342 1975 1472 2042 nisi
1521 1972 1691 2040 forte
1742 1969 1980 2063 aliquis
1994 2021 2016 2052 ‚
2067 1970 2254 2063 quod
2287 1972 2716 2040 vehementer
2764 1972 3030 2057 dubito,
3081 1978 3166 2042 ab

1009 2092 1172 2185 ipsis
1219 2090 1405 2159 LXX
1455 2110 1573 2165 nm
1634 2105 1900 2163 ten-nam*
1959 2104 2069 2155 aut
2124 2111 2250 2161 nm
2314 2109 2566 2162 &tn-&52³
2631 2088 2973 2157 inventum
3028 2092 3169 2157 exi-

1017 2208 1255 2277 stimet·

1200 2325 1307 2390 Ps.
1359 2323 1488 2406 58,
1538 2318 1605 2389 6.
1663 2313 1771 2388 14.
1841 2312 1966 2386 καὶ
2016 2309 2573 2410 λιμώξουσιν
2622 2314 2711 2398 ὥς
2756 2315 2940 2388 κύων
2964 2318 3169 2415 Syrus

1008 2439 1364 2531 utrobique
1428 2432 1642 2522 2:239
1698 2437 1802 2533 ,αἱ
1861 2461 2193 2545 &mmo
2262 2435 2823 2502 consentientibus
2889 2438 3169 2505 testibus

1006 2547 1081 2620 in
1130 2550 1477 2619 esuriendi
1520 2554 1768 2632 verbo,
1822 2568 2101 2644 excepto
2132 2551 2376 2632 Arabe,
2428 2568 2496 2617 ct
2534 2569 2947 2644 repugnante
2989 2569 3171 2618 textu

1003 2657 1356 2735 Hebraico.
1464 2666 1687 2734 Habet
1748 2664 2025 2759 quidem
2070 2666 2185 2732 Ar.
2234 2664 2534 2734 Waltoni
2593 2692 2651 2732 v.
2711 2661 2798 2734 14
2844 2666 3171 2753 famelici

1003 2799 1079 2849 ut
1129 2807 1369 2865 canes,
1427 2780 1546 2848 sed
1604 2806 1694 2848 vs.
1745 2779 1793 2849 6
1845 2780 1987 2868 (Ar.
2036 2780 2205 2845 Mar.
2253 2776 2639 2871 utrobique)
2699 2801 2922 2873 092²?-
2975 2782 3164 2874 quasi

1002 2893 1269 2990 legisset
1318 2886 1747 2985 οἰμώξουσι,
1800 2917 1939 2961 non
1987 2883 2400 2982 λιμώξουσι.
2505 2892 2589 2957 Id
2639 2921 2676 2960 a
2719 2895 3163 2963 Schleusnero

1007 3036 1089 3077 ex
1141 3013 1522 3079 coniectura
1571 3011 1992 3105 propositum
2052 3026 2186 3074 tam
2234 3009 2439 3075 textui
2490 3010 2696 3076 Hebr.
2749 3036 2948 3104 quam
2997 3012 3162 3102 ipsis

1002 3123 1192 3198 LXX
1244 3128 1395 3192 satis
1449 3127 1794 3217 congruit,
1867 3141 2046 3190 certe
2092 3122 2327 3187 melius
2384 3126 2723 3215 congruit,
2783 3150 2982 3218 quam
3029 3127 3163 3193 Bo-

1004 3238 1215 3304 charti
1262 3231 1782 3327 μαιμάξουσιν.
1861 3238 1981 3303 Est
2029 3227 2466 3324 λιμώξουσιν
2516 3263 2735 3305 merus
2779 3262 2990 3325 error,
3044 3244 3161 3336 qui

1002 3369 1300 3420 veterum
1351 3355 1783 3419 attentionem
1832 3350 2071 3443 effugit.

1202 3467 1468 3533 Ibidem
1513 3493 1604 3533 vs.
1664 3465 1811 3534 15
1852 3466 2022 3532 τοῦ
2070 3469 2435 3562 φαγειν,
2489 3465 2741 3560 biboz
2787 3467 2885 3534 ad
2929 3467 3162 3536 ambu-

1002 3581 1316 3664 landum,
1376 3580 1562 3674 quod
1607 3584 1893 3675 Bugatus
1943 3583 2018 3649 in
2058 3584 2274 3666 notia,
2339 3608 2477 3651 non
2518 3585 2592 3649 in
2638 3600 2855 3667 textu,
2931 3608 3161 3652 emen-

1200 3813 1303 3879 Ps.
1356 3810 1488 3893 69,
1544 3819 1606 3881 1.
1706 3809 1788 3880 Ὁ
1839 3811 2012 3893 θεὸς
2073 3814 2173 3893 εἰς
2221 3812 2354 3894 τὴν
2403 3812 2752 3910 βοήθειάν
2801 3839 2944 3906 μου
2986 3811 3161 3908 πρό-

1002 3945 1200 4017 σχες·
1304 3926 1509 4019 Syrus
1580 3925 1711 4001 ...ἕ
1769 3926 2063 4032 0ἱρωὲ
2114 3927 2348 4018 ἰὴ»,
2406 3945 2545 4003 30.»
2603 3948 2916 4023 ...mm
2972 3926 3159 4018 101ὲί

996 4041 1297 4126 mmmmm]
1369 4066 1609 4133 augens
1661 4060 1913 4113 textum
1957 4046 2089 4111 hoc
2138 4044 2622 4130 additamento,
2676 4046 2874 4137 κύριε
2917 4042 3015 4120 εἰς
3060 4041 3159 4110 τὸ

994 4150 1364 4246 βοηὲἥσαι
1415 4178 1541 4244 μοι
1592 4154 1916 4224 σπεῦσον
1985 4159 2107 4225 sed
2178 4161 2428 4255 absque
2477 4162 2615 4229 ullo
2668 4164 2852 4253 signo
2904 4159 3156 4225 critico.

996 4270 1345 4338 Habentur
1404 4271 1575 4340 haec
1634 4274 1840 4342 verba
1901 4274 1974 4341 in
2019 4276 2272 4344 Veron.
2321 4294 2388 4348 et
2428 4279 2500 4345 in
2546 4275 2740 4345 MSS.
2786 4272 3157 4343 Holmesia-
