3550 5167
1288 482 1800 578 Prolegomena.
1878 525 1887 534 ·
2589 495 2634 561 7

483 678 1220 773 textum-Hexaplarem
1282 704 1683 776 magnopere
1733 687 2149 780 requiramus
2170 739 2191 769 ‚
2253 686 2436 758 nulla
2483 688 2636 757 satis

481 795 722 868 idonea
770 820 964 862 causa
1011 814 1148 878 est,
1198 814 1554 890 postquam
1604 799 1887 870 Grabius
1938 803 2094 870 huic
2144 801 2477 872 desiderio
2529 828 2640 873 ea·-

481 929 670 982 tenus
733 910 1081 992 satisfecit,
1146 929 1220 978 ut
1278 935 1513 1007 magna
1580 915 1908 986 vindemia
1972 919 2105 986 nisi
2159 917 2329 986 forte
2388 921 2460 985 in
2503 942 2636 985 uno

478 1026 767 1096 alterove
838 1024 1013 1095 libro
1093 1049 1231 1093 non
1293 1029 1378 1095 sit
1455 1027 1787 1120 speranda
1860 1034 2049 1102 novis
2123 1032 2634 1130 operatori-bus?

473 1141 630 1210 Non
678 1166 832 1208 sane
883 1143 1256 1234 spernimus
1306 1140 1411 1208 vel
1457 1144 1753 1236 exiguam
1802 1149 2312 1215 racemationem
2359 1144 2455 1232 *),
2518 1146 2640 1215 sed

477 1259 675 1351 longe
722 1257 1075 1352 optabilius
1126 1280 1204 1324 ac
1253 1257 1716 1350 praestabilius
1769 1283 2147 1343 censemus,
2213 1265 2285 1329 in
2334 1287 2641 1356 unoquo-

475 1399 610 1468 que
654 1372 828 1440 libro
882 1371 1100 1439 dictae
1146 1373 1488 1439 Versionis
1538 1372 1727 1440 Alex.
1781 1375 2000 1441 omnia
2048 1375 2175 1442 alte
2227 1395 2294 1444 et
2336 1403 2373 1442 a
2425 1377 2643 1469 capito

472 1490 815 1584 inquirere
857 1483 1474 1581 (παρακολουθεῖν
1519 1477 1864 1556 ἄνωθεν
1911 1490 2144 1558 πᾶσιν
2196 1485 2528 1584 α’κριβῶς,
2572 1509 2646 1560 ut

476 1604 928 1698 Evangelistae
960 1606 1178 1671 verbis
1212 1599 1381 1687 utar)
1427 1628 1814 1697 summaque
1851 1603 2191 1698 diligentia
2223 1624 2289 1672 et
2342 1608 2642 1674 cautione

476 1744 710 1790 eruere
728 1770 748 1801 ‚
802 1717 968 1814 quid
1008 1744 1045 1785 a
1082 1719 1297 1811 prima
1336 1719 1536 1810 primi
1585 1720 1967 1812 interpretis
2016 1744 2218 1787 manu
2262 1719 2642 1814 profectum

475 1837 598 1917 sit,
649 1837 845 1929 eique
894 1833 1184 1927 explosis
1239 1834 1716 1906 commenticiis
1760 1836 2008 1927 optime
2064 1838 2410 1903 conveniat
2443 1854 2643 1930 atque

473 1969 818 2022 ¹asseratur.
919 1950 1061 2016 Hae
1112 1950 1290 2015 enim
1339 1949 1444 2019 via
1491 1947 1630 2015 sola
1669 1951 1954 2017 inveniri
1995 1948 2411 2043 iudicarique
2444 1969 2639 2044 pote-

474 2068 597 2147 rit,
659 2064 925 2158 qualem
993 2082 1251 2133 textum
1309 2064 1716 2134 Hebraieum
1755 2064 1945 2132 LXX
2009 2066 2160 2136 Iutt-
2227 2063 2489 2132 saeculo
2540 2064 2639 2132 ΙΙΙ

474 2200 625 2247 ante
677 2181 1013 2250 Christum
1078 2198 1303 2247 natum
1368 2198 1434 2247 et
1494 2179 1814 2273 proximis
1880 2181 1963 2246 ab
2017 2204 2099 2248 eo
2152 2179 2415 2248 saeculo
2470 2199 2638 2248 tem-

405 2321 411 2326 ·
471 2297 749 2390 poribus
800 2297 873 2364 in
923 2297 1054 2362 suis
1103 2295 1506 2364 membranis
1554 2297 1967 2388 repererint,
2020 2315 2087 2363 et
2128 2320 2289 2390 quas
2331 2296 2639 2364 mutatio-

468 2436 590 2480 nes
663 2409 845 2484 idem
904 2410 1021 2477 ille
1090 2428 1401 2505 expertus
1453 2410 1652 2477 fuerit
1718 2434 1933 2505 usque
1989 2409 2075 2480 ad
2141 2407 2311 2482 illud
2371 2434 2640 2491 aevum,

472 2537 610 2619 quo
660 2527 1017 2593 Christiani
1080 2525 1473 2597 litteratores
1524 2524 1781 2594 Graeca
1845 2550 1997 2593 cum
2045 2526 2390 2609 Hebraicis
2455 2545 2639 2593 com-

470 2664 706 2736 parare
758 2659 826 2712 et
874 2639 1317 2732 deprehenso¹
1362 2621 1665 2708 dissensu
1729 2640 1897 2714 locis
1964 2640 2304 2734 impeditis
2354 2664 2433 2708 ac
2484 2665 2637 2708 cor-

469 2757 685 2848 ruptis
733 2755 1090 2824 tralaticiae
1139 2755 1483 2823 Versionis
1535 2754 1940 2822 medicinam
1986 2754 2341 2825 admovere
2393 2779 2637 2848 coepe-

468 2888 644 2938 runt.
746 2868 859 2936 Sic
918 2869 1115 2938 simul
1177 2870 1489 2936 historiae
1539 2886 1750 2935 textus
1811 2867 2053 2936 Graeci
2108 2867 2524 2949 consuletur,
2574 2886 2641 2937 et

469 2983 643 3079 quid
686 2985 760 3050 in
805 2980 1359 3075 eoldepravatum
1410 2985 1495 3050 sit
1542 2981 1892 3065 addendo,
1948 2982 2323 3055 omittendo
2343 3031 2364 3064 ,
2428 3003 2641 3051 trans·-

468 3098 788 3194 ponendo
808 3148 829 3181 ,
902 3122 1040 3166 non
1089 3115 1343 3165 tantum
1401 3099 1800 3190 argumentis
1851 3098 2137 3166 externis
2198 3098 2635 3190 obscurisque

468 3214 578 3281 vel
625 3216 945 3307 ambiguis
996 3215 1264 3281 Petrum
1320 3213 1708 3282 testimoniis
1730 3263 1749 3293 ‚
1812 3210 1936 3280 sed
1984 3230 2051 3280 et
2116 3212 2395 3279 internis
2459 3210 2639 3278 indi-

470 3330 592 3398 ciis
635 3354 716 3395 ex
758 3331 904 3421 ipsa
953 3328 1431 3399 consuetudine
1486 3326 1892 3397 translatoris
1943 3328 2266 3421 cuiusque
2316 3326 2635 3420 deprom-

468 3443 636 3536 ptis,
695 3445 935 3511 certius
983 3462 1097 3512 aut
1158 3441 1575 3538 probabilius
1633 3425 2234 3512 demonstrabitur:
2313 3443 2432 3508 Est
2480 3464 2637 3507 sane

470 3559 804 3627 variorum
852 3557 1179 3627 librorum
1226 3560 1375 3627 Vet.
1419 3561 1498 3625 Τ.
1539 3558 1815 3641 Graeci,
1867 3556 2054 3652 quod
2103 3556 2190 3623 ad
2239 3574 2487 3628 textum
2528 3551 2634 3623 vel

472 3671 954 3742 conformatum
1032 3673 1139 3742 vel
1226 3673 1780 3742 conformandum
1854 3675 2084 3742 attinet
2106 3723 2127 3754 ‚
2207 3673 2384 3740 varia
2449 3670 2639 3752 ratic,

467 3784 604 3858 Alii
635 3788 986 3855 'maiorem
1052 3789 1125 3854 in
1183 3788 1461 3860 modum
1511 3788 1793 3858 mutilati
1853 3807 1963 3858 aut
2037 3784 2428 3881 interpolati
2484 3799 2639 3856 sunt

537 4100 592 4169 ‘J
631 4100 920 4170 specimen
962 4055 1152 4153 Graeci
1190 4107 1371 4154 textus
1403 4101 1728 4153 psalmorum
1762 4099 2084 4170 Hexaplaris
2121 4095 2299 4149 edient
2335 4096 2484 4149 ΕΠ).
2518 4091 2641 4146 Go-

679 4179 852 4239 d'ofr.
891 4186 1181 4256 Adelph.
1227 4188 1533 4254 Bockel,
1574 4190 1714 4260 Lips.
1746 4189 1896 4242 182b.
1932 4186 1982 4255 4.
2047 4185 2308 4242 Continet
2342 4182 2485 4238 illud
2525 4189 2637 4235 tren

672 4273 914 4328 psalmos
952 4276 1175 4345 priores.
