3550 5167
1182 492 1289 558 De
1340 469 1831 560 Parallelismo.
1864 469 1874 484 ⁸
2545 489 2591 561 9

424 684 833 759 cautionibus
882 682 957 756 id
1005 684 1155 754 fieri
1200 684 1412 778 possit
1446 708 1525 752 ac
1562 681 1838 764 debeat,
1888 682 2257 756 intricatior
2292 686 2592 776 quaestio,

419 822 537 875 est.
659 804 969 898 Legimus
1025 799 1192 870 Gen.
1224 796 1345 883 47,
1387 801 1476 869 31
1531 790 1886 889 ὄμοσάν
1929 815 2121 887 μοι·
2173 793 2323 865 καὶ
2374 788 2597 889 ὤμο-

416 941 567 990 σεν
633 918 920 1009 αὐτῷ,
985 917 1256 1010 optime.
1354 916 1545 1000 Quis⁴
1587 932 1730 996 est,
1799 915 1917 1007 qui
1983 915 2058 993 in
2122 938 2204 982 eo
2269 914 2419 984 loco
2486 914 2593 986 vel

412 1035 745 1106 tantillum
794 1032 1222 1102 dubitationis
1268 1032 1541 1111 sentiat,
1598 1028 1985 1124 planissime
2031 1029 2595 1100 concordantibus

412 1141 761 1233 Hebraeo,
812 1147 1258 1244 §marimum
1311 1144 1608 1229 Graeco,
1651 1144 1933 1213 Latino?
2031 1145 2124 1214 At
2159 1146 2321 1240 Cap.
2351 1147 2468 1228 31,
2493 1143 2591 1216 46

415 1266 772 1335 sollicitare
819 1264 1054 1331 licebit
1101 1277 1352 1330 textum
1395 1260 1952 1343 Masorethicum‚
1995 1261 2112 1327 ubi
2151 1285 2382 1330 omnes
2428 1262 2590 1329 hac-

413 1399 606 1450 tenus
670 1381 921 1449 inventi
970 1375 1259 1448 Codices
1324 1375 1521 1448 MSS.
1592 1395 1727 1444 tam
1782 1375 1989 1444 Hebr.
2054 1401 2254 1470 quam
2303 1376 2594 1446 Samari-

419 1498 556 1564 tani
601 1495 921 1590 Editique
965 1519 1195 1564 omnes
1244 1492 1573 1587 praebent
1654 1512 1840 1567 nunu
1901 1515 2074 1591 was->⁵7
2137 1511 2322 1569 θυι-ιτς
2382 1504 2540 1592 ηεαρδ
2562 1502 2599 1571 9

416 1609 504 1680 Id
551 1614 610 1680 si
663 1613 812 1706 quis
857 1638 937 1679 ex
982 1635 1167 1677 mera
1210 1633 1338 1678 con
1354 1610 1607 1677 iectura
1649 1633 1843 1676 ausus
1891 1606 2125 1691 fuerit,
2176 1634 2425 1703 paucos
2478 1610 2596 1676 ha-

413 1728 605 1796 bebit
665 1726 1193 1821 adstipulatores.
1290 1724 1381 1791 At
1449 1723 1634 1790 LXX
1711 1742 1826 1789 συ
1847 1720 2005 1790 λλέ
2017 1743 2176 1815 γετ
2204 1746 2237 1792 ε
2307 1720 2595 1803 λὶὲους·

414 1836 543 1909 καὶ
584 1861 750 1910 συν
771 1838 918 1909 έλε
939 1833 975 1922 ξ
1000 1861 1050 1903 α
1071 1859 1115 1905 ν
1172 1830 1445 1916 λίθους.
1525 1839 1695 1908 Uter
1741 1857 1958 1908 textus
2002 1858 2293 1933 praestat
2314 1891 2334 1922 ,
2387 1840 2598 1907 Grae·

416 1981 532 2026 cus
582 1984 669 2025 an
712 1953 1133 2026 Hebraicus?
1231 1952 1343 2021 Ad
1395 1955 1789 2021 sententiam
1841 1953 2116 2048 quidem
2142 1954 2432 2050 perinde
2471 1975 2591 2039 est,

411 2092 638 2141 utrum
684 2074 1047 2139 retineatur
1093 2094 1302 2167 'ml-3³7,
1353 2096 1438 2136 an
1481 2071 1909 2139 substituatur
1951 2079 2212 2169 &opha-1,
2265 2089 2331 2139 et
2377 2087 2599 2164 potest

416 2189 643 2255 utrivis
707 2186 979 2255 lectioni
1034 2185 1142 2255 vel
1204 2211 1289 2252 ex
1347 2184 1499 2253 loco
1563 2186 1682 2252 Ex.
1738 2184 1870 2268 16,
1929 2184 2039 2255 16.
2098 2189 2210 2269 17,
2260 2187 2377 2280 qui
2438 2187 2586 2279 ipse

419 2302 660 2370 dubius
717 2321 850 2383 est,
915 2301 1022 2370 vel
1091 2297 1360 2368 aliunde
1421 2300 1871 2392 patrocinium
1931 2303 2113 2395 peti:
2182 2300 2304 2369 sed
2353 2301 2592 2394 ingens

419 2416 711 2511 pondus.
737 2418 898 2486 huic
939 2417 1254 2486 minutiae
1303 2418 1509 2498 inest,
1560 2416 1958 2511 simulatque
2010 2416 2096 2485 de
2141 2418 2621 2486 aestimatione-

415 2550 484 2600 et
525 2533 745 2625 pretio
783 2552 1080 2600 veterum
1123 2531 1649 2610 testimoniorum
1679 2531 2072 2627 disputatur.
2171 2531 2324 2600 Iud.
2356 2533 2423 2614 3,
2462 2534 2589 2604 28:

413 2641 901 2740 Κατάβητε
952 2641 1186 2716 ὀπίσω
1228 2669 1372 2737 μου
1418 2701 1435 2718 .
1488 2700 1509 2719 .
1556 2643 1710 2714 καὶ
1757 2645 2306 2743 κατέβησαν
2358 2640 2595 2718 ὀπίσω

418 2760 696 2846 αὐτοῦ,
746 2763 868 2830 sed
916 2765 1122 2830 Hebr.
1157 2787 1324 2837 *nrm
1362 2784 1512 2838 ww
1564 2784 1632 2832 et
1664 2789 1822 2834 mox
1865 2787 2061 2841 ”nrm
2099 2786 2297 2847 τ-ι-μτ,
2346 2766 2419 2831 in
2444 2766 2600 2857 quis-

414 2879 543 2946 bus
593 2879 810 2945 statim
852 2880 1237 2946 observatur
1285 2882 1683 2971 permutatio
1733 2882 2099 2950 verborum
2139 2878 2601 2973 persequendi

417 3011 485 3061 et
546 2992 1056 3070 descendendi,
1119 3003 1251 3088 ηπῆ·
1307 3012 1374 3061 et
1442 3017 1590 3081 -ι-ιπ,
1657 3014 1733 3096 ut
1782 3015 1850 3063 et
1895 2997 2007 3064 hic
2059 2995 2354 3063 Graecus
2401 3018 2599 3088 prae-

415 3127 588 3176 stare
637 3109 957 3176 videatur.
1055 3111 1232 3176 Item
1279 3111 1317 3175 I
1368 3109 1529 3204 Reg.
1582 3112 1650 3193 3,
1697 3111 1741 3180 5
1799 3106 2390 3205 οἷνάστρεφε,
2466 3106 2597 3178 κά-

416 3215 665 3307 θευδε,
728 3223 855 3294 καὶ
927 3220 1450 3318 ἀνέστρεψε
1521 3222 1649 3293 καὶ
1731 3217 2100 3296 ἐκάθευδε.
2226 3228 2314 3296 In
2387 3228 2592 3295 Hebr.

413 3297 748 3408 ssodierno
824 3340 1191 3435 respondet
1237 3365 1358 3417 :w
1408 3344 1629 3436 priori
1687 3344 1992 3411 membro
2013 3395 2035 3426 ,
2109 3341 2234 3411 sed
2293 3302 2592 3436 sequitur

415 3463 560 3550 75³7
620 3454 807 3548 quod
879 3482 1018 3524 non
1083 3457 1468 3551 respondet.
1566 3461 1677 3527 An
1735 3460 2035 3528 Graecus
2103 3460 2176 3526 in
2234 3484 2352 3527 suo
2416 3457 2593 3526 libro

417 3569 626 3635 Hebr.
700 3572 954 3639 invenit
1001 3585 1182 3660 dum,
1237 3573 1447 3669 idque
1510 3576 1594 3642 ab
1661 3577 1810 3669 ipso
1863 3576 2189 3668 scriptum
2260 3575 2595 3652 Hebraico

415 3684 739 3809 austorei‘
837 3686 1178 3779 Equidem
1244 3689 1318 3756 id
1369 3692 1471 3759 aio
1519 3693 1741 3785 potius
1788 3717 1989 3786 quam
2041 3716 2233 3787 nego.
2333 3691 2593 3759 Dixerit

551 3933 776 3992 Telleri.
845 3936 985 3987 Item
1015 3921 1243 3988 Dissert.
1281 3936 1549 3990 secundae
1586 3954 1707 4006 pag.
1727 3956 1847 4009 ²99·
1899 3939 2126 3996 Dissert.
2160 3941 2396 4009 general.
2430 3940 2591 4011 1247·

558 4022 939 4091 perpaululum
986 4040 1057 4075 ne
1106 4023 1282 4074 dicam
1333 4041 1521 4094 parum
1568 4025 1654 4076 illi
1690 4026 1916 4090 tribuit,
1965 4026 2357 4097 propemodum
2395 4044 2592 4096 negans

556 4108 646 4160 vel
700 4110 884 4177 potius
939 4109 1284 4163 dissimulans
1330 4128 1441 4162 rem
1486 4113 1893 4165 testatissimam
1941 4121 1997 4165 et
2037 4114 2245 4166 nemini
2282 4116 2591 4168 mortalium

413 4199 437 4264 ξ
552 4196 719 4265 magis
755 4206 936 4249 notam
976 4215 1138 4268 quam
1163 4198 1302 4268 ipsi,
1340 4200 1608 4252 Gesenius
1633 4200 1702 4253 de
1728 4202 1933 4253 Pentat.
1958 4201 2154 4253 Samar.
2191 4204 2322 4272 orig.
2360 4220 2479 4274 pag,
2505 4204 2591 4273 47.

554 4283 734 4342 Habe·
773 4286 1077 4357 exemplum
1116 4303 1181 4340 ex
1215 4289 1240 4339 Ι
1277 4288 1412 4340 Sam.
1457 4306 1540 4350 πο,
1580 4305 1627 4342 ιι
1674 4288 1817 4357 apud
1857 4290 2033 4358 ipsum
2067 4306 2185 4360 pag.
2215 4292 2304 4346 63.
