3550 5167
948 491 998 560 8
1711 482 1821 551 De
1868 478 2361 550 Parallelirmo.

951 674 1081 749 καὶ
1130 677 1353 759 σκεύη
1401 670 1727 770 &grip-syna
1759 670 2322 771 αἰχμαλωσίας,
2371 694 2446 745 nt
2465 674 2710 746 lectori
2749 700 2918 772 quae
2951 675 3124 747 lecta

945 793 1100 865 sunt
1180 796 1405 866 denuo
1473 792 1760 889 legenda
1831 812 2314 888 proponantur.
2438 794 2608 859 Dm.
2684 798 2717 861 1
2744 845 2766 876 ,
2827 797 2919 868 12
2968 796 3118 888 sqqss

947 909 1359 980 Theodotio:
1444 902 1819 1002 Πείρασον
1886 900 1978 987 δὴ
2051 904 2226 986 τοὺς
2281 899 2556 987 παῖδας
2645 929 2787 976 σου
2851 904 3119 1001 ἡμέρας

939 1015 1120 1091 δέκα
1168 1070 1188 1092 .
1243 1075 1263 1114 ·‚
1310 1019 1463 1091 καὶ
1527 1021 2075 1103 εἰσήκουσεν
2149 1023 2483 1108 αὐτῶν,
2536 1020 2662 1091 καὶ
2730 1015 3126 1120 ἐπείρασεν.

939 1136 1210 1218 αὐτοὺς
1255 1135 1525 1236 ἠμέρας
1575 1132 1786 1226 δέκα,
1837 1140 2083 1232 quihus
2131 1147 2510 1234 congruunt
2529 1142 2715 1207 LXX
2749 1142 2821 1207 in
2857 1137 3128 1208 Codice

935 1257 1284 1338 Chisian0‚
1353 1257 1483 1323 nisi
1555 1255 1744 1348 quod
1806 1253 2106 1324 medium
2169 1256 2552 1323 membrum
2600 1256 2916 1324 exhibent
2962 1249 3117 1322 καὶ

935 1366 1402 1467 ἐχρήσατο
1468 1368 1799 1454 αὐτοῖς
1867 1365 2027 1437 τὸν
2099 1366 2449 1465 τρόπον
2513 1371 2871 1439 τοῦτον.
3017 1370 3119 1437 Ex

931 1487 1014 1553 N.
1068 1490 1150 1553 T.
1213 1488 1285 1552 in
1333 1469 1655 1580 promptu
1695 1505 1796 1553 est
1867 1485 2056 1554 locus
2104 1487 2266 1553 Luc.
2312 1485 2379 1571 9,
2440 1482 2549 1554 14.
2602 1487 2726 1554 15:
2858 1487 3117 1552 Κατα-

931 1591 1234 1667 κλίνατε
1284 1598 1625 1677 αὐτούς’.
1681 1648 1698 1665 .
1741 1596 1894 1667 καὶ
1943 1595 2394 1680 ἐποίησαν
2438 1591 2712 1687 οὕτω,
2779 1596 2905 1669 καὶ
2955 1595 3119 1670 α’νέ-

929 1712 1187 1784 κλιναν
1232 1708 1381 1806 (alii
1428 1711 1899 1802 κατέκλιναν)
1953 1709 2315 1794 ἅπαντας.

1028 1879 1041 1890 .
1129 1827 1270 1896 Sed
1335 1831 1488 1896 satis
1553 1830 2016 1924 exemplorum
2069 1833 2209 1898 eius
2260 1833 2666 1925 tergeminae
2718 1832 3150 1926 enuntiatios

927 1946 1071 2028 nis,
1148 1970 1348 2039 qnam
1398 1942 1764 2022 lectoribus
1807 1949 1973 2013 meis
2024 1949 2096 2013 in
2141 1949 2532 2015 memoriam
2570 1947 2916 2028 revocavi,
2979 1951 3113 2039 quo

927 2064 1389 2156 promptiores
1436 2059 1758 2128 .reddam
1846 2060 2273 2128 admittendis
2359 2057 2935 2129 emendationibus
3007 2060 3118 2128 vel‘

929 2178 1389 2257 coniecturis,.
1412 2200 1585 2270 quae
1622 2174 1797 2242 infra
1830 2194 2316 2270 proponentur.
2358 2253 2364 2261 Ι
2416 2176 2644 2242 Unum
2670 2176 2871 2258 addo,
2925 2176 3113 2262 quod

930 2316 1042 2359 me
1084 2289 1215 2362 vel.
1240 2317 1381 2359 non
1431 2309 1746 2359 monente
1798 2291 2227 2384 intelligitur,
2272 2292 2648 2360 membrum
2700 2311 3115 2385 postremum

930 2408 1005 2472 in
1070 2405 1188 2472 illo
1257 2432 1505 2499 genere
1573 2404 1901 2499 loquendi
1939 2406 2108 2472 ¹aliis
2164 2403 2384 2472 verbis
2429 2407 2712 2498 exprimi
2766 2406 2868 2473 vel
2920 2406 3126 2475 etiam‘

929 2522 1145 2589 omitti
1200 2545 1417 2614 posse.
1520 2520 1634 2588 Sic
1699 2523 1860 2591 Luc.
1915 2520 1961 2590 6
1982 2573 2004 2603 2
2062 2525 2182 2590 10:
2274 2512 2645 2588 Ἔκτεινον
2691 2516 2825 2598 τὴν
2896 2518 3121 2615 χεῖρά

930 2659 1092 2709 σου.
1192 2633 1275 2703 Ὁ
1338 2630 1437 2705 δὲ
1480 2628 1916 2714 ,ἐποίησεν
1960 2627 2393 2732 οὕτωῇκαὶ
2436 2632 3022 2717 ἀποκατεστάθη
3076 2636 3119 2716 ἦ

928 2748 1094 2851 χεὶρ
1152 2751 1391 2820 αὐτοῦ
1439 2750 1598 2825 κτλ.
1698 2753 1847 2820 Act.
1886 2743 2033 2835 '12,
2078 2755 2163 2823 8:
2224 2745 2685 2846 Περίζωσαι,
2759 2748 2885 2820 καὶ
2933 2749 3123 2822 ὑπό-

928 2861 1158 2950 δησαι
1193 2859 1718 2940 τάοανδάλια
1765 2890 1930 2937 σου.
2029 2860 2443 2948 Ἐποίησε
2491 2860 2587 2938 δὲ
2636 2860 2903 2953 οὕτω,
2955 2870 3125 2938 nihil
3170 2915 3179 2950 ἵ

934 2984 1238 3078 amplius.
1341 2986 1658 3055 Ceterum
1709 2984 2017 3054 dubitare
2065 2985 2256 3069 licet,
2309 3012 2398 3054 an
2444 2989 2641 3054 huius
2685 2984 3124 3081 περισσολο-

933 3093 1093 3190 γίοις
1144 3126 1181 3167 e
1232 3101 1450 3169 studio
1500 3105 1995 3197 perspicuitatis
2041 3121 2304 3184 enatae,
2357 3128 2558 3195 quam
2611 3100 2795 3194 apud
2836 3099 2952 3166 SS.
2987 3098 3123 3167 .SS.

938 3212 1514 3306 deprehendimus
1539 3268 1560 3298 ‚
1626 3218 1835 3285 multa
1878 3216 2186 3309 exempla
2235 3217 2538 3310 aequalia
2587 3214 2771 3309 apud
2812 3232 3116 3288 auctores

941 3313 1235 3396 Graecos
1281 3348 1347 3396 et
1395 3333 1664 3398 Latinos
1714 3333 2171 3425 reperiantur:
2237 3356 2323 3397 ne
2375 3356 2457 3397 ex
2498 3332 2791 3398 Homero
2843 3330 3122 3425 quidem

942 3442 1170 3514 locum
1217 3443 1604 3539 planissime
1640 3445 2098 3550 ,3adaequatum
2146 3446 2365 3513 afferri
2406 3470 2606 3539 posse
2657 3448 2977 3514 existimo.

1148 3562 1290 3627 Iam
1361 3563 1415 3627 si
1478 3564 1820 3654 quaeritur
1841 3613 1861 3644 ‚
1942 3588 2025 3628 an
2092 3562 2510 3629 observatum
2576 3562 2708 3628 hoc
2781 3560 3124 3654 peculiare

941 3701 1148 3771 genus
1198 3677 1633 3745 Parallelismi
1705 3677 1998 3771 aliquem
2051 3704 2239 3746 usum
2286 3679 2529 3746 habeat
2576 3678 2663 3745 ad
2711 3697 2894 3746 recte
2945 3676 3127 3746 iudi-

947 3792 1198 3861 candos
1235 3792 1607 3860 Bibliorum
1657 3812 1869 3862 textus
1919 3794 2271 3887 originales
2317 3820 2567 3887 eosque
2614 3796 2790 3862 inter
2817 3820 2910 3874 ⁸se
2962 3819 3126 3860 con-

948 3908 1270 3976 ciliandos
1322 3893 1727 4003 omnemque
1780 3909 2005 3976 Crisia
2018 3960 2038 3991 ,
2102 3934 2301 3978 nemo
2346 3909 2541 3976 facile
2593 3895 2737 3991 erit,
2804 3911 2921 4003 qui
2972 3908 3124 3972 uni·-

945 4025 1143 4093 verse'
1168 4049 1316 4091 rem
1358 4024 1711 4093 diffiteatur
1747 4017 1827 4115 *).
1926 4027 2065 4095 Ubi
2098 4048 2277 4103 vero,
2330 4042 2397 4090 et
2427 4023 2718 4116 quand0‚
2774 4041 2839 4092 et
2878 4022 3121 4116 quibus
3198 4019 3205 4028 ’

995 4179 1045 4250 ')
1083 4178 1407 4232 Permultum
1453 4195 1525 4231 ne
1561 4180 1736 4232 dicam
1770 4180 1997 4231 nimium
2045 4179 2129 4230 illi
2178 4175 2534 4230 parallelismo
2583 4177 2777 4230 tribuit
2816 4177 3113 4229 Kennicot-
3201 4214 3209 4225 .

1090 4273 1177 4318 tus
1197 4264 1420 4320 Dissert.
1457 4282 1619 4335 super
1653 4267 1865 4322 tatione
1903 4274 2034 4323 text.
2071 4258 2234 4321 Hehr.
2274 4282 2394 4336 pag.
2417 4267 2519 4333 364
2560 4281 2682 4335 sqq.
2718 4264 2777 4320 in
2813 4262 3125 4321 Veratat.
