3550 5167
1076 494 1233 561 Gen
1286 496 1351 577 I,
1413 515 1517 563 12.
1581 496 1677 585 14
1724 491 1862 590 sqq.
2454 511 2539 576 17

395 708 857 785 expresserunt
924 688 1292 764 seeundum
1353 715 1573 784 genus
1628 709 1697 760 et
1745 693 2118 764 secundum
2161 701 2542 771 similitudz-
2658 740 2663 745 ·

393 831 584 883 nem,
656 824 939 899 excepto
998 822 1221 876 tamen
1265 805 1659 889 Ambrosie,
1711 811 1828 904 qui
1879 836 1971 880 vs.
2027 817 2109 886 11
2180 814 2283 882 his
2344 816 2546 886 habet

389 920 756 989 secundum
817 944 1078 1013 genus,
1147 918 1233 987 de
1311 920 1740 1004 similitudine
1807 923 1994 992 nihil.
2126 928 2304 1011 Quid
2377 933 2545 1001 mihi

390 1038 689 1108 videatur
740 1038 1032 1131 quamvis
1084 1034 1446 1119 dubitanti,
1496 1040 1728 1130 paucis
1771 1040 2179 1132 signifieabO.
2278 1042 2445 1113 Sunt
2474 1049 2548 1114 in

390 1173 572 1222 textu
611 1149 813 1224 LXX
867 1154 1214 1222 innumera
1266 1143 1937 1247 διττογραφήματα
1955 1204 1981 1236 ,
2045 1154 2341 1250 intellige
2391 1160 2549 1226 hina

390 1274 583 1338 unius
637 1267 1064 1361 eiusdemque
1124 1266 1476 1340 locutionis
1525 1268 1892 1338 Hebraicae
1942 1272 2555 1371 interpretamenta,

393 1386 589 1479 quale
644 1386 838 1454 etiam
901 1385 974 1449 in
1038 1384 1220 1456 hunc
1267 1381 1492 1450 locum
1541 1385 1888 1477 irrepsisse
1941 1386 2243 1456 arbitror.
2342 1387 2554 1456 Adie-

352 1481 572 1570 ⁴otum
638 1519 736 1572 est
802 1497 975 1568 καθ’
1043 1493 1453 1588 ὁμοιότητα
1527 1526 1564 1566 a
1620 1501 1838 1570 scriba
1902 1502 2125 1568 neseio
2200 1525 2369 1594 quo,
2446 1507 2554 1574 cui

393 1616 608 1685 aditus
675 1618 945 1709 patebat
1015 1614 1103 1684 ad
1175 1614 1457 1707 Aquilae
1479 1664 1499 1694 ‚
1577 1614 1995 1707 Symmachi,
2068 1614 2557 1688 Theodotionis

390 1733 783 1812 VersioneS,
823 1729 930 1799 vel
968 1732 1189 1824 potius
1242 1729 1604 1822 (quoniam
1652 1749 1719 1798 et
1765 1732 1874 1798 isti
1921 1733 2245 1802 triumviri
2291 1751 2393 1828 Tm
2445 1757 2557 1804 ex-

390 1870 648 1938 ponere
700 1844 915 1914 solent
961 1839 1245 1935 γένος)
1290 1842 1380 1914 ad
1439 1844 1634 1914 aliam
1705 1848 1933 1914 nescio
1994 1848 2176 1916 cuius
2226 1848 2557 1942 interpre-
2632 1843 2644 1849 ”

394 1963 744 2044 tationem,
803 1962 933 2029 nisi
993 1983 1121 2054 pro
1180 1982 1364 2030 mero
1427 1959 1816 2054 glossemate
1880 1979 2309 2052 reputentur:
2378 1982 2557 2035 uerte

396 2075 796 2146 vocabulum
869 2070 1304 2165 ὁμοιότητος
1366 2073 1548 2168 apud
1595 2073 1788 2142 LXX
1846 2065 2016 2146 'alibi
2072 2099 2211 2146 non
2274 2077 2558 2169 amplius

393 2187 636 2283 legitur
662 2241 680 2271 ‚
743 2216 1144 2284 quamquam
1195 2189 1499 2279 ὁμοιοῦν
1548 2207 1614 2260 et
1648 2180 1984 2278 ὁμοίωμα
2024 2192 2296 2262 minime
2344 2191 2559 2262 aliena

394 2322 547 2374 suut
596 2331 635 2372 a
669 2308 1134 2376 Pentateucho.
1234 2305 1375 2376 Sed
1421 2304 1666 2386 fateor,
1707 2305 1876 2374 haec
1918 2306 2386 2400 mihimetipsi
2421 2317 2592 2376 nou'

396 2418 565 2490 adeo
613 2420 883 2513 placere
932 2439 1006 2491 ut
1046 2420 1286 2494 lubens
1339 2420 1772 2513 acquiescam.
2405 2431 2410 2438 “

588 2536 669 2607 Iu
716 2555 1039 2608 commate
1072 2540 1191 2608 12:
1239 2531 1387 2606 Καὶ
1437 2527 1789 2624 ἐξήνεγκεν
1840 2531 1880 2611 ἡ
1929 2535 2051 2623 γῆ,
2100 2534 2240 2607 Lat.
2290 2549 2362 2606 et
2404 2558 2564 2627 pro-

399 2647 600 2722 duxit
645 2668 839 2724 terra
884 2652 1084 2746 plane
1134 2650 1547 2722 concordant
1599 2675 1754 2722 cum
1790 2649 2118 2722 Hebraeo.
2218 2650 2373 2726 Non
2414 2643 2562 2730 ἐξή-

392 2783 661 2855 νεγκεν,
711 2767 832 2836 sed
873 2760 1197 2859 ἐξήγαγεν
1239 2793 1409 2836 unus
1459 2765 1604 2836 MS.
1657 2764 1950 2836 Holmes.
2010 2763 2097 2833 16
2116 2815 2137 2847 ,
2178 2763 2564 2838 Medicaeus

397 2903 565 2952 saec.
616 2879 758 2951 fere
800 2881 922 2950 XI.
971 2883 1299 2951 Neutrum
1347 2882 1682 2950 abhorret.
1795 2880 1875 2948 In
1924 2879 2133 2949 Hebr.
2174 2904 2302 2971 pro
2371 2902 2564 2954 uzzant

394 2994 576 3068 haud
637 2998 866 3091 inepte
927 2997 1238 3066 coniicias
1287 3008 1505 3091 &uisqu-
1518 3049 1540 3082 ,
1591 2990 2121 3063 commendabile
2191 3019 2231 3062 a
2273 2992 2566 3062 Paralle-

397 3109 591 3180 limo
610 3162 631 3195 ,
684 3137 889 3206 quem
934 3113 1129 3182 huius
1178 3089 1434 3205 Capitis
1486 3127 1715 3180 auctor
1760 3106 2107 3182 manifesto
2154 3107 2492 3180 affectavit.

594 3228 986 3302 Transituro
1050 3228 1216 3298 mihi
1264 3226 1353 3296 ad
1401 3251 1569 3320 opus
1621 3223 1765 3294 diei
1809 3226 2074 3315 quarti..
2115 3245 2205 3294 vs.
2252 3219 2338 3294 14
2389 3249 2560 3319 sqq„

396 3365 635 3435 magua
683 3343 1095 3434 perturbatio
1147 3342 1440 3413 oeeurrit
1476 3341 1548 3410 iu
1590 3337 1988 3410 lectionibus
2025 3354 2323 3408 veterum
2350 3361 2564 3406 mem-

398 3457 793 3538 branarum,
858 3482 1028 3549 quae
1092 3482 1200 3523 me
1261 3456 1544 3524 multum
1601 3453 1876 3522 vexavit.
1977 3449 2350 3517 Observare
2406 3448 2566 3521 lieet

405 3589 472 3638 et
512 3572 625 3638 hic
672 3573 893 3664 primo
936 3573 1075 3648 Dei
1120 3571 1514 3647 decretum,
1564 3566 1810 3638 deinde
1861 3565 2331 3655 effectionem,
2375 3563 2568 3634 deni-

405 3711 538 3781 que
582 3684 1157 3778 approbationem.
1258 3687 1620 3753 Ordiamur
1669 3685 1753 3750 ab
1807 3682 2170 3749 effectione.
2268 3677 2566 3748 Docetur

403 3826 527 3869 vss.
585 3804 695 3871 17.
752 3803 859 3871 18.
908 3803 981 3874 in
1028 3820 1312 3894 utroque
1356 3820 1565 3884 textu,
1615 3799 2069 3894 Hebraico.et
2110 3794 2404 3876 Graeco,
2447 3796 2569 3863 tri-

404 3915 565 4010 plex
621 3942 779 3986 usus
842 3915 1139 3998 ‚siderum
1197 3917 1557 3999 maiorum,
1631 3930 1705 3982 ut
1755 3913 2068 3986 luceant,
2131 3926 2207 3976 ut
2241 3926 2569 4004 regnent,

408 4048 483 4099 ut
545 4048 888 4127 separent.
1007 4034 1116 4101 En
1184 4032 1442 4102 Graeca
1501 4048 1570 4102 et
1629 4029 1860 4095 Latina
1918 4026 2266 4094 Hebraicis
2334 4049 2570 4096 conso-

408 4149 664 4215 nantia:
1068 4125 1078 4139 .

471 4254 474 4259 ’
611 4262 680 4348 1)
729 4256 918 4332 ὥστε
968 4254 1339 4357 (ῥαίνειν
1389 4253 1507 4329 ἐπὶ
1555 4259 1679 4340 τῆς
1728 4259 1891 4350 γῆς,

2092 4368 2131 4430 2
