3550 5167
938 494 1033 561 50
1668 489 1830 580 Cap.
1882 486 1990 557 11.
2089 486 2200 555 Ps.
2246 482 2367 558 43.

936 681 1407 783 parallelorum
1477 682 1698 752 statim
1760 678 2094 763 ostendit,
2164 706 2203 748 a
2252 676 2441 748 LXX
2507 682 2830 775 scriptum
2895 683 3099 753 fuisse

938 801 1016 870 ἑν
1056 802 1213 879 τοῖς
1259 794 1853 891 ἀλλάγμασιν
1921 799 2000 887 (s.
2052 787 2331 885 αὐτῶν,
2380 821 2432 864 s.
2479 791 2674 885 ἡμῶν
2724 796 2912 891 quod
2959 824 3101 869 non

944 915 1216 984 om‘nino
1278 911 1671 1009 displicet);
1732 913 2015 984 alterum
2083 932 2185 982 est
2228 936 2451 980 merus
2493 935 2685 980 error
2727 915 3104 1009 graphicus.

940 1030 1140 1118 Quod
1187 1032 1389 1126 igitur
1414 1030 1621 1125 Syrus
1667 1030 2030 1123 expressit,
2072 1046 2173 1098 est
2218 1029 2488 1098 vitiosae
2524 1028 2799 1108 Κοινῆς.
2900 1030 3099 1100 Cete-

934 1170 1084 1213 rum
1130 1145 1189 1214 si
1231 1164 1444 1214 textus
1488 1144 1732 1213 Graeci
1780 1145 2140 1238 puritatem
2199 1162 2499 1237 spectes,
2567 1142 2739 1211 nihil
2787 1144 3103 1230 interest,

935 1279 1159 1329 utrum
1209 1261 1562 1344 existimes,
1609 1259 2080 1352 primigeniam
2130 1248 2531 1351 scripturam
2568 1258 2654 1326 ab
2705 1282 2867 1328 aevo
2918 1262 3105 1354 ipso·-

930 1399 1085 1444 rum
1130 1376 1320 1446 LXX
1383 1375 1586 1443 fuisse
1650 1374 1721 1441 in
1784 1372 2041 1468 aliquot
2110 1372 2433 1467 exemplis
2497 1391 2820 1442 servatam
2889 1377 3106 1445 conti·

933 1509 1336 1586 nuatamque
1405 1488 1495 1558 ad
1562 1513 1798 1558 aevum
1850 1489 2194 1582 Origenis,
2228 1489 2433 1583 ,quin
2497 1489 2694 1557 etiam
2744 1490 2833 1558 ad
2877 1509 3106 1560 nostra

937 1631 1153 1700 usque
1203 1624 1542 1700 tempora,
1584 1630 1672 1673 an
1721 1603 2010 1674 feliciter
2053 1606 2426 1673 restitutam
2474 1606 2561 1672 ab
2613 1607 2903 1701 antiquis
2955 1608 3108 1675 Cri-

936 1722 1084 1790 ticis
1135 1721 1702 1790 Christianorum:
1783 1719 1871 1788 ad
1918 1721 2264 1798 historiam
2313 1738 2535 1790 tamen
2586 1739 2799 1791 textus
2849 1741 2917 1791 et
2968 1725 3105 1791 sin-

934 1835 1237 1932 gularum
1283 1834 1648 1904 lectionum
1696 1860 1837 1904 non
1883 1834 2174 1929 perinde
2209 1853 2325 1904 est.
2397 1835 2625 1906 Meros
2673 1858 3106 1940 παρᾳγραμ-

930 1945 1358 2041 ματισμοὺς
1409 1968 1665 2019 veteres
1739 1969 2124 2045 comparato
2186 1968 2370 2020 textu
2420 1951 2628 2020 Hebr.
2688 1950 2886 2020 facile
2952 1976 3106 2022 cor-

928 2084 1264 2136 rexerunt.
1363 2065 1638 2134 Utinam
1693 2065 1905 2134 iidem
1970 2064 2074 2133 illi
2129 2065 2214 2132 ab
2289 2067 2599 2157 omnibus
2645 2067 3107 2163 interpolatio-

932 2184 1131 2252 nibus
1184 2182 1788 2276 omissionibusque
1835 2206 2108 2250 manum
2156 2178 2661 2252 abstinuissent!

1127 2300 1236 2369 Ps.
1285 2294 1425 2380 43,
1482 2297 1571 2368 19
1658 2289 1839 2366 ’Ότι
1903 2288 2402 2376 ἐταπείνωσας
2460 2295 2647 2387 ἡμᾶς
2714 2293 2751 2366 ἐ
2766 2316 2808 2365 ν
2860 2292 3108 2392 τόπῳ

932 2408 1431 2497 κακώσεως,
1519 2412 1707 2506 quod
1775 2414 1930 2482 satis
1999 2436 2241 2507 magno
2303 2395 2634 2481 consensu
2710 2413 3110 2485 confirmant

933 2548 1031 2598 tot
1073 2552 1150 2596 ac
1199 2546 1334 2596 tam
1382 2529 1545 2595 varii
1596 2546 1794 2596 testes
1813 2579 1836 2611 ,
1914 2552 2002 2596 an
2051 2526 2258 2623 Syrus
2323 2552 2597 2624 quoque
2659 2531 3104 2624 expresserit,

938 2642 1230 2712 dubitari
1297 2642 1492 2712 video
1567 2669 1608 2711 a
1672 2646 1943 2737 Bugato.
2044 2645 2267 2713 Habet
2329 2642 2447 2712 ille
2513 2641 2797 2735 lanz-0692
2854 2653 3109 2750 ῙΔωορ

938 2761 1128 2852 quasi
1179 2758 1448 2854 legisset
1496 2758 1573 2828 ἐν
1621 2755 1825 2851 τόπῳ
1877 2749 2283 2837 διαπονη
2301 2754 2618 2849 μάτων
2666 2760 2855 2855 quod
2888 2761 3107 2856 Aqui-

934 2874 1070 2941 lam
1117 2874 1421 2958 redolet,
1495 2874 1646 2943 coll.
1695 2877 1803 2942 Ps.
1865 2876 1989 2958 15,
2039 2871 2112 2946 4.
2208 2874 2339 2943 Res
2406 2873 2773 2944 admodum
2831 2879 3105 2946 incerta.

936 2989 1016 3054 In
1064 2992 1361 3084 margine
1424 3014 1581 3058 vero
1634 2990 1841 3085 Syrus
1895 2988 2182 3083 Aquilae
2238 2990 2501 3057 tribuit:
2568 2995 2892 3085 quoniam
2940 3015 3107 3059 con-

936 3110 1191 3171 trivisti
1238 3130 1367 3172 nos
1417 3108 1492 3172 in
1529 3106 1678 3190 loco
1698 3105 2047 3182 Sirenum,
2098 3104 2531 3199 Symmacho:
2581 3111 2903 3197 quoniam
2936 3129 3105 3173 con-

918 3206 1223 3294 fregisti
1271 3198 1406 3296 (vel
1438 3200 1851 3289 contrivisti)
1901 3227 2030 3272 nos
2074 3208 2148 3272 in
2200 3204 2348 3271 loco
2399 3203 2849 3271 inhabitabili.
2916 3204 3106 3275 Con·

936 3335 1037 3384 tra
1082 3342 1240 3386 vero
1290 3319 1530 3386 Monts.
1569 3318 1858 3412 Aquilae
1908 3320 2192 3414 assignat
2235 3309 2358 3387 ὅτι
2401 3309 2876 3398 συνέὲλασαζ
2919 3308 3107 3411 ἡμᾶς

937 3432 1035 3500 ἐν
1104 3427 1357 3502 τόπω
1431 3430 1828 3528 ἀοικήτῳ
1910 3452 1980 3503 et
2035 3436 2295 3504 incerto
2364 3436 2599 3502 tribuit
2661 3433 2945 3504 alterum
3010 3432 3105 3504 ἐν

936 3544 1175 3641 τόπῳ
1238 3546 1726 3644 Σειρήνων.
1875 3551 2225 3645 Frequens
2305 3550 2634 3620 eiusmodi
2703 3552 3104 3645 permutatio

938 3668 1286 3747 nominum
1349 3667 1805 3760 propriorum.
1904 3667 2155 3736 Textus
2217 3666 2603 3734 Hebraicus
2648 3667 2833 3734 LXX
2892 3668 3105 3735 inter-

937 3800 1205 3874 pretum
1252 3805 1393 3849 non
1434 3781 1563 3849 fuit
1620 3797 1794 3855 :wan
1847 3803 2126 3879 εφη),
2201 3779 2389 3874 quod
2449 3780 2551 3848 illi
2604 3799 2793 3850 erant
2838 3783 3103 3876 exposi-

941 3896 1071 3961 turi
1121 3894 1197 3966 ἐν
1236 3891 1441 3989 τόπῳ
1510 3887 2089 3990 δρακόντων,
2173 3896 2256 3963 cs.
2306 3899 2412 3963 Ps.
2466 3897 2596 3979 73,
2647 3892 2757 3965 14.
2807 3895 2938 3975 90,
2990 3896 3102 3964 13.

947 4005 1127 4095 148,
1178 4016 1243 4083 7.
1291 4012 1415 4080 sed
1472 4036 1662 4089 πηγῇ
1702 4034 1939 4111 :apua
1996 4010 2102 4080 vel
2155 4009 2560 4099 simillimus,
2613 4010 2827 4105 qualis
2874 4009 3097 4091 lectio,

940 4148 1088 4191 mea
1147 4125 1423 4219 quidem
1475 4129 1841 4210 sententia,
1919 4126 2193 4195 minime
2243 4128 2564 4223 postponi
2617 4124 2822 4196 debet
2881 4145 3098 4198 maso-

943 4240 1255 4310 rethicae.
