3550 5167
1106 491 1437 596 Psalteriz]
1495 492 1784 584 Syriaci.
2431 497 2523 571 27

359 690 580 761 multis
643 691 837 761 MSS.
902 692 1177 760 Graecis
1241 690 1712 766 Holmesianis:
1792 691 2061 760 tertium
2126 688 2526 759 Alexandri-

361 833 485 890 nus
510 858 531 888 ,
593 806 721 875 alio
775 809 1041 881 nomine
1090 805 1571 901 praeferendus
1615 803 2006 873 Veronensi.
2109 806 2319 872 Huius
2365 804 2528 872 Ale-

311 996 315 999 Α
362 922 668 998 xandrini,
706 927 909 996 textui
960 924 1031 987 in
1073 923 1453 991 universum
1502 932 1909 1015 magnopere
1939 906 2323 1014 praevalent
2356 921 2531 989 Ver-

362 1040 619 1122 aiones,
680 1038 1006 1130 imprimis
1058 1038 1291 1120 Latina
1342 1056 1408 1106 et
1455 1038 1890 1131 Aethiopica,
1965 1033 2086 1103 sed
2136 1052 2202 1102 ct
2247 1036 2535 1102 Arabica

362 1154 614 1244 etipsa
666 1148 944 1245 quoq-ue
986 1149 1255 1246 Syriaca
1278 1203 1299 1234 ,
1367 1154 1552 1227 cuius
1617 1177 1879 1218 causam
1938 1174 2117 1217 nunc
2148 1147 2311 1243 ago,
2410 1150 2530 1217 His

363 1269 638 1339 testibus
701 1265 1034 1360 aliquanto
1101 1268 1383 1338 inferior
1445 1286 1544 1335 est
1591 1291 1867 1360 magnus
1919 1291 2076 1362 grex
2125 1263 2323 1336 Mss„
2370 1263 2537 1331 Hol-

363 1382 837 1464 me'sianorum,
890 1407 1293 1480 quamquam
1341 1385 1410 1454 in
1461 1382 1704 1452 herum
1752 1379 2092 1464 nonnullis
2132 1379 2319 1447 dotes
2351 1378 2534 1453 haud,

366 1491 781 1587 spernendae
833 1495 1451 1590 deprehenduntur„
1522 1499 1706 1583 Quae
1749 1522 1957 1592 quum
2001 1498 2090 1562 ita
2135 1497 2266 1563 sint
2288 1546 2306 1575 ‚
2349 1494 2561 1563 Psal--

365 1613 605 1683 terium
645 1609 988 1703 Syriacum
1031 1610 1547 1697 Mediolanense,
1592 1614 1864 1681 omnino
1916 1611 2334 1681 utilissimum
2381 1636 2539 1677 cen-

369 1727 500 1792 seri
550 1724 754 1791 debet
795 1728 866 1791 in
918 1726 1148 1799 critica
1196 1728 1583 1793 tractatione
1631 1726 1817 1800 LXX
1865 1726 2052 1808 Intt.,
2116 1751 2272 1799 nam
2313 1745 2541 1796 auctus

366 1864 680 1915 numerus
723 1840 987 1907 testium
1040 1863 1407 1934 eorumque
1439 1829 1796 1908 'bonorum
1842 1842 1915 1914 in
1970 1837 2159 1909 lucro
2211 1839 2542 1934 deputan-

365 1952 493 2021 dus
542 1973 642 2021 est
681 1978 827 2022 -non
866 1957 1072 2048 magis
1122 1956 1193 2022 in
1240 1954 1525 2049 publico
1578 1974 1643 2029 et
1684 1955 1937 2028 forensi
1987 1954 2274 2036 iudici0‚
2339 1980 2540 2048 quam

366 2070 439 2143 in
490 2066 1043 2147 documentorum
1110 2073 1534 2165 antiquorum
1597 2069 2003 2162 instituenda
2068 2069 2542 2164 exploratione·

374 2180 633 2265 Quodsi
668 2183 838 2251 facta
889 2184 1239 2263 collatione
1290 2167 1622 2281 comperi,
1673 2187 2040 2261 lectionum
2074 2186 2283 2277 plane
2333 2210 2546 2253 nova-

367 2319 518 2362 rum
558 2313 629 2364 et
677 2300 1160 2390 singularium,
1212 2304 1280 2372 h:
1332 2328 1388 2369 e.
1441 2301 1702 2385 talium,
1756 2327 1927 2397 quae
1976 2303 2047 2368 in
2095 2300 2358 2395 reliqua
2405 2326 2545 2368 ma·-

368 2413 533 2481 terie
598 2407 853 2482 critica·
887 2439 1027 2489 non
1085 2419 1537 2501 inveniantur,
1620 2418 1802 2513 apud
1865 2416 2110 2513 Syrum
2169 2418 2277 2484 vix
2339 2442 2545 2484 unum

366 2523 725 2595 alterumve
776 2531 1156 2625 exemplum
1188 2554 1302 2604 aut
1340 2536 1686 2627 vestigium
1725 2559 1902 2617 esse,
1947 2552 2168 2602 tamen
2211 2556 2348 2600 non
2399 2532 2542 2599 sinc

368 2639 590 2732 aliqua
636 2641 990 2744 voluptate
1036 2672 1143 2714 me
1191 2648 1415 2716 multis
1482 2651 1576 2724 in,
1603 2648 1769 2717 locis
1816 2650 1903 2716 ab
1957 2672 2037 2716 eo
2072 2647 2386 2732 *adiutum
2435 2664 2546 2715 aut

371 2754 863 2840 confirmatum,
917 2760 1321 2856 quandoque
1376 2764 1572 2831 etiam
1618 2765 1692 2829 in
1744 2762 1940 2830 aliam
1970 2764 2141 2844 viam
2184 2761 2547 2862 deductum

376 2867 544 2950 vidi,
613 2872 729 2936 ubi
798 2869 988 2941 antea
1047 2875 1552 2960 haesitaveram‚
1622 2898 1733 2947 aut
1796 2855 2197 2950 sententiam,
2241 2877 2548 2945 decreto-

371 2985 538 3056 riam
613 2984 791 3053 serre
863 3014 1053 3059 ausus
1119 3017 1258 3059 non
1318 2993 1590 3060 fueram.
1691 2995 1950 3061 Horum
2013 2994 2310 3061 omnium
2375 3015 2546 3085 quae

376 3102 809 3169 cummaxime
871 3103 1008 3174 dixi
1036 3157 1055 3188 ‚
1146 3080 1420 3200 pienum=
1473 3108 1680 3177 fidem
1741 3111 1869 3177 hac
1918 3111 2291 3203 scriptione·
2327 3107 2548 3174 facere

375 3238 514 3278 non
564 3241 873 3307 possum,
935 3222 1067 3290 -sed
1115 3250 1261 3292 rem
1312 3227 1549 3296 seriam
1599 3227 1772 3296 serio
1825 3253 1862 3291 a
1910 3251 2019 3292 me
2067 3243 2281 3291 actam
2328 3240 2549 3290 osten-

383 3326 548 3397 dere
609 3334 904 3403 conab0r
943 3342 1303 3433 propositis
1354 3341 1607 3435 aliquot
1658 3367 1740 3409 ex
1770 3340 1889 3409 illo
1919 3340 2240 3409 Psalterio
2274 3337 2545 3432 Syriaco

378 3445 858 3534 speciminibus
878 3443 961 3541 *),
993 3452 1355 3550 additoque
1382 3475 1537 3552 post
1567 3459 2009 3551 interrogatos
2046 3475 2241 3524 testes
2279 3452 2545 3554 iudicio.

448 3755 504 3827 ³⁸)
534 3755 804 3812 psalmum
841 3759 1072 3830 primum
1117 3768 1305 3820 videre
1345 3771 1473 3821 licet
1514 3772 1571 3821 in
1611 3771 1975 3823 De—Rossi
2018 3770 2245 3842 Specim.
2278 3766 2510 3823 {nudato
2536 3805 2552 3833 ι

579 3851 637 3896 et
670 3846 982 3916 Reperc01·ii
1016 3854 1433 3910 Eichhorm'ani
1463 3859 1626 3926 ‘'l'om.
1662 3859 1756 3909 111.
