3550 5167
965 476 1053 550 14
1553 491 1556 494 ’
1656 471 1818 564 Cap.
1869 470 1930 540 I.
2030 471 2140 540 De
2184 467 2413 548 indole

959 672 1291 742 iunxerint
1356 665 1461 738 vel
1526 664 1965 738 disiunxerint
1982 716 2003 748 ,
2067 691 2239 760 quae
2298 669 2466 734 ratio
2531 690 2731 764 saepe
2778 669 2862 736 ab
2913 667 3121 738 inter-

959 790 1321 884 punctione
1371 784 1684 852 Hebraici
1735 801 1949 852 textus
1999 779 2351 875 discrepat.
2442 785 2737 867 Quantae
2789 786 3121 852 vetustatis

961 904 1077 973 ille
1129 918 1470 972 censeatur
1490 952 1511 983 ,
1561 924 1681 992 ego
1731 901 1983 980 nescio,
2036 923 2256 992 neque
2312 921 2393 966 ex
2436 901 2814 968 charactere
2850 903 3121 968 Estran-

961 1017 1144 1114 gelo,
1219 1040 1354 1110 quo
1426 1016 1831 1108 antiquiores
1900 1011 2183 1081 Codices
2240 1011 2762 1107 Syro-biblicus
2827 1033 3121 1082 exaratos

961 1157 1104 1204 esse
1152 1151 1384 1202 monet
1430 1131 1664 1198 De-R
1684 1132 1853 1200 ossi
1875 1179 1898 1211 ,
1946 1153 2054 1198 res
2101 1127 2363 1223 liquido
2416 1128 2647 1199 doceri
2693 1148 2940 1225 potest:
2989 1131 3127 1197 hoc

957 1246 1311 1316 verisimile
1359 1262 1523 1339 puto
1540 1295 1559 1326 ‚
1612 1244 1944 1314 Graecum
1991 1242 2240 1310 librum
2263 1295 2282 1326 ,
2336 1269 2469 1338 quo
2521 1244 2724 1340 Syrus
2779 1266 2879 1315 est
2924 1270 3078 1313 usus
3101 1291 3125 1326 ,

960 1362 1199 1434 lium-iz
1265 1360 1635 1428 uncialibus
1703 1360 2026 1453 scriptum
2089 1359 2291 1430 fuisse
2349 1360 2587 1430 talibus
2635 1360 2811 1444 sere,
2892 1360 3127 1456 quales

839 1533 844 1543 .
963 1499 1147 1546 nunc
1191 1494 1344 1545 sunt
1398 1479 1472 1544 in
1518 1474 1949 1546 nobilissimis
1980 1471 2433 1544 Alexandrino
2486 1494 2552 1543 et
2582 1477 2921 1545 Vaticano.
2994 1480 3129 1545 Po·-

961 1612 1211 1670 nuntur
1254 1593 1500 1686 passim
1565 1594 1637 1658 in
1677 1591 1977 1685 margine
2045 1571 2366 1660 vocabula
2433 1617 2512 1659 ex
2563 1590 2819 1660 Graeco
2870 1592 3129 1659 Codice

964 1708 1238 1780 Graecis
1326 1709 1718 1801 transcripta
1794 1707 2302 1776 characteribus.
2416 1704 2572 1775 En!
2657 1709 2823 1773 ΚΑΙ
2904 1709 3126 1774 ΕΠΕ-

964 1817 1456 1900 ΣΤΗΡΙΞΑΣ
1528 1824 1632 1891 Ps.
1687 1823 1780 1893 37
1816 1872 1839 1904 ,
1902 1825 1970 1894 2.
2084 1821 2485 1892 ΩΣΝΑῙΜ
2552 1821 2687 1905 39,
2752 1822 2824 1891 6.
2945 1823 3130 1889 MA.-

961 1935 1765 2008 ΣΤΙΓΩΘΗΣΟΝΤΑΙ
1819 1940 1950 2019 72,
2002 1940 2066 2007 5.
2165 1937 2812 2008 ΣΤΝΤΕΘΗΚΑΣ
2845 1942 2958 2022 72,
3017 1940 3126 2007 15.

963 2051 1251 2122 ΗΘΑΜ
1306 2055 1437 2136 73,
1507 2055 1616 2125 15.
1738 2049 2138 2122 ΤΑΝΕΩΣ
2210 2057 2357 2136 77,
2426 2058 2533 2125 12.
2653 2054 2777 2122 OT
2840 2053 3176 2146 KAA‘rq

966 2166 1539 2237 ΣΘΗΣΟΝΤΑΙ
1567 2216 1591 2250 ,
1673 2168 1834 2238 item
1908 2167 2073 2234 ΚΑΙ
2117 2164 2948 2241 ,ΚΕΚΡΕΠΑΛΗΚΩΣ
2999 2174 3091 2240 77
3107 2185 3139 2252 ,’

963 2282 1080 2355 64.
1138 2283 1253 2356 65.
1354 2281 1555 2350 ΤΗΣ
1622 2281 1983 2352 ΝΟΜΗΣ
2060 2281 2248 2350 >zor
2300 2286 2426 2366 78,
2509 2284 2616 2353 13.
2735 2259 3133 2352 ΜοΝῙόΣ

966 2401 1083 2480 79,
1119 2401 1224 2469 13.
1284 2395 1359 2468 X
1360 2389 1762 2464 ΙΛῙΑΔΑΣ
1795 2399 1915 2479 83,
1951 2402 2057 2468 10.
2122 2393 2874 2467 ΜΝΗΣΘΙ-ῙΣΟΜΑΙ
2907 2400 3022 2483 86,
3058 2398 3124 2469 4.

960 2511 1402 2582 ΣΚΝΙΠΕΣ
1469 2509 1657 2594 104,
1726 2514 1840 2584 31.
1959 2513 2084 2581 TA
2163 2512 2424 2580 EAEH
2490 2513 2859 2597 ΑΥΤΟΥ,
2932 2517 3126 2596 item,

964 2623 1691 2714 ΕΞΟΤΔΕΝΩΣΙΣ,
1766 2624 2268 2698 ΠΤΩΧΕΙΑΣ
2310 2628 2484 2712 106,
2533 2631 2598 2700 8.
2624 2627 2739 2699 40.
2775 2627 2896 2699 41.
2963 2630 3129 2697 TO·-

965 2741 1342 2812 ΠΑΖΙΟΝ
1398 2746 1571 2827 118,
1629 2748 1787 2815 127.
1885 2742 2465 2814 ΕΤΕΚΤΕΝΟΝ
2519 2746 2694 2828 128,
2749 2747 2814 2815 3.
2877 2766 2945 2815 et
2991 2745 3128 2813 for-

968 2864 1137 2938 sitan
1186 2860 1332 2933 alia.
2028 2857 2046 2890 x

1163 2975 1345 3069 Syro
1364 3017 1395 3031 -
1413 2973 1851 3069 hexaplarem
1901 2974 2250 3069 aliquoties
2297 2975 2472 3044 hanc
2505 2976 2898 3043 Versionem
2941 2996 3135 3048 vocat

968 3095 1269 3186 Bugatus.
1371 3091 1452 3159 Id
1498 3111 1681 3162 recte
1731 3091 1878 3158 fieri
1922 3094 2141 3185 prima
2188 3092 2328 3158 eius
2370 3091 2554 3158 frons
2606 3088 2909 3158 ostendit.
2996 3090 3135 3158 Cas
3190 3080 3210 3093 ’

971 3206 1140 3274 dunt
1188 3208 1260 3272 in
1306 3231 1488 3286 eam,
1550 3203 1880 3297 simulque
1928 3222 2001 3273 ut
2049 3206 2200 3271 satis
2251 3204 2687 3297 probabiliter
2740 3205 3130 3286 coniicitur,
3168 3297 3182 3314 1

968 3323 1041 3390 in
1090 3321 1548 3414 Archetypum
1573 3318 1936 3400 Graecum,
1988 3313 2170 3411 quod
2215 3317 2383 3413 Syro
2433 3344 2594 3412 prae
2638 3320 2941 3387 manibus
2984 3320 3128 3401 suit,

971 3460 1201 3506 omnes
1263 3453 1456 3504 notae
1480 3484 1502 3516 ‚
1577 3432 1819 3527 quibua
1872 3431 2158 3501 Codices
2204 3434 2591 3526 hexaplares
2654 3434 3141 3529 dignoscuntur

973 3554 1058 3619 ab
1110 3550 1270 3618 aliis.
1369 3550 1714 3616 Habentur
1761 3550 1833 3614 in
1880 3550 2174 3643 margine
2226 3551 2797 3641 interpretationes
2827 3550 3132 3644 Aquilae,

977 3666 1391 3762 Symmachi,
1442 3662 1929 3732 Theodotionis
1982 3663 2430 3758 aliorumque,
2495 3641 2634 3734 non
2682 3664 2848 3732 adeo
2902 3668 3134 3759 copio-

980 3805 1090 3849 sae
1133 3782 1285 3848 illae
1338 3799 1448 3850 aut
1512 3781 1927 3873 incognitae,
2012 3798 2084 3847 ut
2147 3779 2306 3847 inde
2366 3779 2648 3847 multum
2707 3778 3132 3848 emolumenti

980 3895 1066 3964 ad
1116 3921 1236 3965 nos
1285 3895 1551 3979 redeat,
1629 3920 1756 3962 nec
1807 3915 2027 3963 tamen
2074 3895 2421 3988 indignae,
2489 3921 2656 3990 quae
2708 3894 2793 3962 ad
2836 3893 3135 3990 augenda

984 4031 1051 4082 et
1101 4010 1528 4080 emaculanda
1564 4009 2017 4105 Hexaplorum
2065 4010 2423 4102 fragmenta
2474 4010 2636 4095 olim
2676 4036 2714 4078 a
2761 4031 2932 4076 novo
2970 4006 3133 4073 Edi-

982 4146 1126 4196 tore
1170 4128 1390 4219 operis
1431 4125 2000 4195 Montfauconiani
2053 4123 2403 4216 diligenter
2453 4124 2908 4192 adhibeantur.
2961 4112 2965 4115 ’
3003 4123 3136 4190 Re-

977 4242 1327 4335 periuntur
1383 4241 1547 4309 item
1591 4242 1664 4311 in
1710 4242 2053 4334 margine,
2123 4238 2244 4308 sed
2291 4262 2441 4314 raro
2469 4288 2490 4328 ,
2554 4239 2766 4313 variae
2815 4235 3134 4310 lectiones
